2734 4634
329 173 595 242 ariminum
617 171 824 242 ursionis.
1032 145 1117 238 365

34 351 97 404 σας
107 376 118 406 ,
147 322 229 408 μετά
257 328 360 394 ταῦτα
388 331 485 416 ἐπέβη
506 333 562 417 τῆς
581 335 729 418 Περσῶν.
769 335 826 397 καί
844 332 878 398 όν
896 330 1002 396 scinde
1021 334 1262 418 ntpcracsos

34 424 164 512 εἰλήφει
184 422 225 491 τά
246 429 309 492 τοῖν
328 432 501 513 §veipada
535 427 598 516 πρό
618 430 654 494 di
674 428 714 517 δή
736 434 792 516 τῆς
811 426 1043 516 ἀναχωρήσεως
1061 416 1225 538 τάνξωιίο.

35 529 221 608 πρέσβεων,
243 531 504 612 παραγενομένων
522 531 615 594 τινοῖν
634 533 776 616 Περσοόν
796 532 841 608 είς
860 528 897 596 τό
917 529 1046 616 Δάρας,
1076 529 1124 611 οἷς
1143 489 1277 592 mum

34 623 73 688 τό
93 620 215 690 τοιόνδε
236 626 271 688 όν
290 626 452 713 φροντίσιν
471 625 630 713 ὑπῆρχεν,
663 623 732 710 άμα
758 631 852 706 όνίοις
876 630 941 694 ταῖν
962 623 1147 716 ἓρμιγνέανΒ

17 725 96 796 ὄναιό
128 731 196 800 τοϊς
221 725 284 789 τάν
312 723 507 809 πλαστιγγαν
529 726 732 810 ε’πιστάταις,
753 727 943 815 ἀπεκατέστη
962 739 1027 805 τοῖς
1047 734 1121 818 περὶ

35 819 90 886 τόν
111 820 176 904 Ζίχ
193 820 235 888 τοὶ
251 815 442 911 ὀφειλόμενα
456 825 610 911 χρήματα
628 825 733 907 τῶνζ
754 831 922 910 ἐνιαυτοῖν,
942 830 993 916 ἐφ’
1022 823 1069 906 σός
1089 829 1125 898 αἴ

37 926 194 1006 §oudinus
225 927 394 1008 προῆλθον.
435 923 479 1001 sic
507 927 544 990 δὲ
563 929 692 1011 Πέτρος
722 927 852 1015 α’φίιιετο
882 924 964 1014 πρός
991 931 1127 1012 βασιλέα

38 1024 182 1105 Περσαῖε
200 1022 234 1088 όν
245 1023 290 1112 τῷ
302 1027 598 1115 προσαγορευομένῳ
613 1029 819 1113 Βιθαρμαῖς,
842 1024 1127 1114 διαλεχθησόμενός

40 1119 73 1186 οἱ
105 1121 180 1206 περί
203 1124 384 1205 Σουανίας,
413 1124 447 1199 ἒς
473 1124 515 1189 τό
543 1127 691 1207 βασιλεια
718 1123 883 1212 προελθών
910 1125 1013 1209 ἔλεξεν
1049 1121 1125 1196 ὦδε·

0 1215 197 1305 1ο,,ἥιισμεν,
226 1212 254 1286 oi
274 1224 410 1304 βασιλεῦ
417 1273 427 1304 ,
449 1222 536 1308 παρά
557 1225 612 1306 σὲ,
634 1224 670 1290 τό
690 1229 751 1310 μὲν
769 1228 804 1292 ἐν
823 1230 941 1318 βεβαίῳ
960 1227 1019 1314 τὴν
1039 1225 1123 1314 εἰρή-

40 1343 100 1404 νην
119 1316 203 1401 ἔχειν
220 1317 451 1406 εὐτυχήσαντες
469 1315 546 1408 ἤδη,
577 1322 612 1389 τό
632 1326 668 1390 δὲ
689 1328 744 1392 καί
763 1324 826 1409 dui
845 1328 923 1410 γοῦν
943 1328 1124 1412 τευξόμενοι

40 1421 104 1484 τάν
123 1421 325 1506 δικαιοτέρων
343 1419 432 1506 παρά
453 1426 514 1487 cori
533 1420 578 1507 μὴ
599 1415 824 1509 άχόησόμενοι.
847 1425 865 1492 ό
885 1423 946 1512 γάρ
967 1425 1002 1493 τό
1023 1426 1128 1515 παρόν

41 1510 82 1581 εό
102 1519 227 1594 διαθείς
245 1519 302 1584 καί
318 1517 508 1604 σχεδιάσας,
528 1519 573 1598 σός
599 1524 712 1605 εἰπεῖν,
742 1522 778 1588 τό
801 1534 945 1601 συνοῖσον
964 1528 1033 1603 πυός
1051 1527 1128 1611 οόχό

40 1621 103 1684 τῶν
126 1615 307 1698 μελλόντων
330 1619 566 1706 πρυμνγθεόεται
596 1625 702 1710 πολλῷ
720 1624 764 1713 τῷ
784 1621 929 1714 διαφόρῳ
941 1673 951 1706 ,
983 1626 1158 1703 καθίσατο,
1249 1651 1252 1659 ¹

6 1713 99 1787 ιὸιαό
113 1712 220 1807 χρόνῳ
240 1719 284 1806 τῷ
302 1722 420 1785 πλείονι
425 1747 437 1802 ,·
470 1721 619 1804 μεγιστου
648 1724 758 1787 τοίνυν
777 1724 898 1809 πέφυκε
915 1728 1071 1806 βασιλέως
1090 1723 1127 1791 τό

43 1813 202 1882 suuntur
220 1819 281 1898 μὲν
299 1821 393 1885 πλέον
412 1816 511 1902 ἔχειν,
543 1818 589 1904 μὴ
611 1816 786 1903 βούλεσθαι
805 1823 857 1887 δέ·
891 1819 926 1888 τό
946 1820 1007 1909 γάρ
1028 1819 1128 1910 άπερ-

42 1915 158 1999 βάλλον
184 1921 242 2002 τῆς
261 1914 370 2001 ίσχόος
390 1920 427 1983 όν
444 1914 587 2006 σαόφρονα
603 1919 771 1998 κολάζεται
791 1924 940 2010 λογισμῷ.
980 1921 1050 1988 ἐπεὶ
1071 1917 1128 1988 σόν
1231 1923 1235 1946 “

42 2013 80 2080 τό
103 2019 173 2096 ζέον
200 2019 258 2082 cod
282 2019 420 2100 πολέμου
449 2020 657 2102 κατίσβεσται
675 2019 734 2085 νῦν
757 2017 834 2105 ἡμῖν
853 2024 909 2087 ναί
927 2016 1033 2106 ιόσπερ
1055 2023 1129 2088 cisr-

42 2112 235 2198 πνεόσαμεν,
254 2109 301 2192 εἷς
315 2118 351 2182 δὲ
369 2115 463 2199 μόνος
482 2117 683 2183 ὑπολείπεται
703 2116 853 2202 σπινθὴρ,
877 2119 978 2206 (φημί
996 2123 1129 2188 diuum

1 2220 132 2301 οοόῆρα
159 2221 265 2280 κακῶν
288 2214 346 2302 τὴν
368 2220 542 2298 Σουανίαν,
571 2217 766 2283 άπειλοάσαν
785 2214 861 2303 ἡμῖν
891 2216 1041 2302 μεγίστην
1062 2217 1129 2284 ἔσε-

42 2320 122 2380 σθαι
149 2317 337 2397 δυσμενείας
362 2313 583 2402 ἕμαόρονσιν,)
615 2319 710 2400 γενοῦ
737 2315 869 2398 κώλυμα
899 2318 962 2381 τάν
996 2319 1107 2384 όεινοῖν
1118 2369 1130 2400 ,

41 2413 99 2481 καί
116 2412 383 2498 προκατάπαυσον
401 2413 477 2500 ἡμῖν
495 2416 608 2480 όλπίόα
630 2416 692 2480 τάν
712 2417 826 2478 κακῶν.
862 2414 897 2482 ἒν
913 2415 967 2480 σοί
983 2413 1045 2501 γάρ
1066 2420 1129 2482 τεόν

111 2526 189 2611 (ἱραί
205 2529 344 2590 turbiscus
366 2527 417 2589 fl„
441 2525 545 2588 ίξυνθῆ
566 2527 614 2577 xci
630 2525 702 2596 vulp.
772 2543 798 2596 φ
817 2528 960 2586 Σουανίας
978 2536 1007 2581 ct
1023 2529 1144 2600 προιλ-.

113 2601 178 2653 θον
191 2598 243 2664 Η.,
260 2598 394 2656 Σουόνας
412 2605 441 2650 et
457 2597 611 2668 προελθεῖν
628 2597 699 2665 vulg.

46 2700 96 2746 ret.
131 2693 190 2745 Nec
216 2694 304 2745 mutto
332 2700 396 2762 post
422 2693 481 2746 illio
499 2690 589 2743 adhuc
614 2689 784 2762 Epiphaniae
811 2691 909 2745 festum
927 2693 1037 2745 solenni
1055 2709 1131 2746 more

47 2763 213 2818 celebravits
247 2763 348 2816 deinde
372 2761 408 2814 ad
428 2762 518 2815 Persas
540 2761 678 2832 proiectus
704 2769 752 2814 est.
796 2761 831 2812 Et
855 2762 895 2814 sic
919 2764 1031 2833 quidem
1054 2765 1131 2835 pacit

46 2836 197 2887 transactio
216 2833 251 2886 sd
267 2835 351 2884 tinem
368 2834 499 2905 perducta
510 2841 559 2885 est.
582 2835 653 2885 Ante
673 2831 872 2901 profectionem
889 2835 1049 2904 legatorum,
1070 2851 1132 2888 eura

47 2921 81 2956 ex
98 2905 187 2957 Persis
211 2903 250 2966 hi,
269 2903 372 2974 quibus
396 2919 429 2955 ea
452 2919 495 2957 res
513 2920 592 2955 curae
614 2911 686 2967 erat,
716 2901 752 2952 ad
773 2901 858 2955 Daras
882 2907 1057 2958 accessissem
1077 2922 1132 2958 una

47 2991 108 3025 essm
126 2975 325 3045 interpretibus
344 2982 374 3026 et
397 2975 449 3036 iis,
481 2974 530 3043 qui
558 2975 676 3026 trutinas
707 2972 884 3037 adserebant,
915 2983 1132 3044 repraesentatae

47 3055 112 3098 sunt
138 3063 210 3114 quae
236 3045 316 3098 Zicho
340 3062 390 3115 pro
419 3053 524 3113 septem
542 3060 675 3096 annorum
700 3043 881 3112 pensionibus
899 3045 1048 3113 promissae
1066 3048 1131 3099 iue-

48 3124 109 3168 raut
126 3116 268 3185 pecuniae.
304 3117 399 3168 Petrus
415 3131 480 3168 vero
498 3115 534 3166 ad
551 3129 640 3184 regern
659 3113 799 3166 Persarum
813 3115 928 3169 accessit
945 3115 974 3168 in
992 3117 1063 3180 loco,
1081 3116 1130 3189 qui

47 3186 210 3239 Eitharrnais
227 3187 399 3257 appellatur,
423 3194 454 3238 ut
472 3185 507 3239 de
526 3185 628 3237 Suania
645 3202 707 3236 cum
725 3185 775 3236 ilio
793 3193 902 3254 ageret,
929 3194 958 3239 et
975 3186 1005 3238 iu
1029 3188 1132 3257 regiam

47 3255 222 3310 introductus
238 3259 278 3309 sic
295 3257 401 3309 locutus
417 3264 480 3309 est:
504 3256 664 3318 „Venimus,
700 3271 715 3305 o
736 3271 793 3320 rex,
811 3255 846 3306 ad
863 3261 907 3319 to,
931 3272 1015 3327 quum
1035 3273 1131 3327 magna

47 3343 82 3377 ex
100 3336 181 3396 parto
199 3330 273 3398 pacis
289 3327 454 3380 beneficium
475 3329 531 3379 ianr
549 3326 642 3395 adepti
668 3327 768 3389 simus,
792 3331 824 3378 ut
841 3327 871 3380 iu
888 3327 1005 3398 reliquis
1022 3340 1134 3398 qnoque

48 3400 171 3466 quamvis
190 3414 252 3450 sero
270 3398 404 3452 iustitiam
422 3415 438 3449 a
455 3406 484 3450 te
503 3400 696 3469 impetremus3
715 3411 834 3450 neonus
853 3395 997 3466 deceptura
1016 3397 1053 3446 iri
1072 3411 1136 3465 spe-

46 3485 149 3520 ramus.
185 3469 266 3520 Nam·
291 3472 320 3522 ui
337 3475 508 3538 praesentem
527 3483 616 3520 return
635 3475 736 3518 statum
758 3475 831 3520 recte
849 3466 1019 3536 composuit,
1044 3471 1074 3516 et
1090 3467 1135 3518 in-

45 3541 148 3592 stantia
167 3485 308 3593 commoda
326 3541 463 3608 respexit,
481 3547 585 3610 quanto
603 3536 688 3607 magis
707 3537 731 3589 is
750 3537 849 3590 futuris
867 3534 1040 3606 providebit,
1068 3537 1135 3606 quia

45 3616 76 3660 et
97 3607 273 3662 diuturniora
303 3609 390 3661 sunt?
423 3609 515 3680 Magni
547 3609 616 3678 regis
645 3614 687 3658 est
711 3623 791 3675 possa
815 3605 925 3677 quidem
943 3604 1006 3674 plus
1023 3603 1136 3670 babere,

45 3679 95 3733 sed
113 3681 204 3732 nolie..
236 3680 378 3750 Quicquid
395 3681 467 3731 eninr
486 3679 628 3750 potentiae
645 3685 770 3748 superat,
799 3675 945 3729 cohibetur
971 3683 1000 3729 et
1016 3677 1136 3746 compri-

43 3751 132 3802 mitur
154 3749 286 3820 prodenti
313 3751 501 3804 moderatione
553 3752 651 3819 itaque
676 3765 737 3800 cum
766 3748 874 3799 fervens
902 3743 971 3798 belli
995 3747 1068 3799 inter
1085 3763 1136 3799 uos

44 3821 129 3874 ardor
154 3821 210 3872 ianr
235 3820 406 3874 deferbuerit
428 3830 458 3874 et
480 3820 683 3892 quodammodo
714 3818 896 3886 respiremus,
932 3831 987 3870 una
1014 3819 1135 3870 scintilla

45 3891 147 3944 relicta
165 3898 225 3943 ests
260 3891 390 3945 Suaniarn
410 3891 473 3944 dico
491 3890 639 3944 scintillam
657 3887 811 3950 maiorum,
830 3903 900 3956 quae
918 3889 1038 3940 minatur
1054 3887 1136 3940 nobis

46 3962 199 4014 maximum
223 3960 432 4015 inimicitiarum
457 3963 616 4015 incendium
661 3959 705 4026 Sis
732 3959 816 4026 igitur
840 3954 981 4011 obstaculo
1000 3966 1029 4012 et
1046 3959 1138 4030 impe·

46 4032 175 4087 dimenso
192 4033 359 4104 gravissimis
377 4035 426 4106 qui
453 4032 617 4107 impendent
640 4029 767 4095 casibus,
796 4034 826 4081 et
847 4029 1138 4101 restinguendum
