2734 4634
241 158 326 262 aad
651 182 902 251 antonum

241 364 299 406 nec
323 340 384 405 alio
407 340 513 405 labore
529 353 672 427 exputa,
692 344 751 405 nisi
775 336 871 426 quo'd,
885 353 1047 426 postquam
1067 347 1249 411 manuum
1264 371 1315 434 po.

240 450 350 534 pulos,
371 448 528 513 fraudibus
551 462 582 513 ct
602 452 718 536 rapinis
736 453 869 514 vicinam
881 461 1003 537 gnatam
1019 454 1218 521 conturbavit.
1250 458 1317 524 lora

240 557 336 620 nand.
361 557 439 642 Cap.
459 558 584 621 XXIV
580 602 590 621 .

326 688 360 751 7.
403 666 454 727 Ad
469 689 561 751 quem
580 670 613 731 in
626 668 806 755 legationem
822 672 965 736 remissus
983 696 1001 736 a
1017 672 1191 739 Theodosio
1213 676 1322 738 iuniore

241 774 378 851 Priscus,
400 772 454 836 tali
464 798 539 839 voce
557 780 637 841 inter
653 780 713 841 alia
730 782 832 847 refert.
862 784 1000 867 Ingentia
1017 786 1168 869 siquidem
1188 782 1319 859 llumina,

241 884 276 946 id
297 880 342 945 est
363 882 488 967 Tysiam
515 884 724 970 Tibisiamque
742 900 773 950 et
792 889 935 951 Driccanr
963 901 1171 969 hanseuntes,
1196 894 1324 954 venimus

240 994 275 1055 in
284 990 385 1054 locum
398 989 496 1069 illum,
511 990 565 1052 ubi
580 990 699 1054 'dudum
710 993 862 1073 Vidicula,
879 994 1050 1058 Gothorum
1065 997 1248 1077 fortissimus,
1261 998 1325 1059 Sar·

240 1112 363 1164 rnatum
389 1075 461 1161 dold
488 1098 640 1163 occubuit.
681 1098 816 1183 Indeque
840 1094 903 1163 non
927 1100 1018 1187 longe
1041 1102 1081 1165 ad
1093 1104 1246 1183 vicumin
1263 1125 1326 1187 quo

244 1210 310 1273 Rex
329 1208 428 1272 Attila
446 1206 634 1290 morabatur,
656 1212 853 1272 accessimus:
875 1211 979 1274 vicum
1004 1213 1153 1295 inquam,
1180 1211 1218 1273 ad
1234 1213 1327 1273 instar

241 1320 373 1383 civitatis
390 1315 611 1401 amplissimae,
631 1318 664 1377 in
694 1339 757 1400 quo
777 1317 877 1403 lignea
895 1321 1016 1384 moenia
1035 1342 1072 1382 ex
1086 1318 1197 1381 tabulis
1208 1322 1329 1381 nitenti-

239 1428 300 1493 bus
313 1427 459 1489 iahricata
474 1426 654 1507 reperimus,
671 1444 802 1505 quarum
815 1444 963 1509 compago
976 1427 1019 1489 ita
1028 1422 1160 1487 solidum
1167 1426 1328 1487 mentieba-

239 1547 305 1617 tur,
325 1537 430 1599 utrix
449 1532 490 1595 ab
503 1534 620 1593 intento
639 1543 742 1615 posset
758 1534 899 1596 iunctura
917 1533 1093 1624 tabularum
1109 1534 1330 1617 comprehendi.

240 1644 370 1707 Videres
390 1641 521 1705 triclinia
535 1640 651 1701 ambitu
664 1640 828 1723 prolixiore
843 1642 993 1721 distenta,
1028 1644 1222 1725 porticanquc
1242 1644 1275 1703 in
1300 1664 1331 1703 o

239 1754 305 1814 mni
324 1752 433 1815 decore
452 1748 621 1831 dispositas.
642 1748 727 1811 Area
752 1747 827 1811 vero
852 1750 949 1812 curtis
966 1741 1082 1834 ingenti
1094 1749 1211 1811 ambitu
1229 1749 1332 1832 cinge·

240 1858 355 1939 hatrrr,
375 1870 411 1921 ut
425 1854 594 1939 amplitudo
612 1855 678 1937 ipsa
699 1858 814 1940 regiam
831 1855 933 1919 aulam
948 1857 1130 1919 ostenderet
1171 1855 1332 1919 Haeredes

241 1976 329 2027 erant
349 1964 464 2027 Attilae
478 1963 569 2045 Regis
592 1961 768 2024 Barbariam
793 1972 891 2025 totam
911 1966 1060 2026 tenentis:
1081 1964 1158 2026 haec
1173 1966 1269 2047 captis
1288 1966 1333 2026 ci-

241 2074 388 2141 vitatibus
406 2071 579 2136 habitacula
592 2072 811 2154 praeponebat.
856 2072 932 2159 Cap
946 2071 1109 2135 XXXIV.

325 2182 358 2247 8.
402 2182 465 2261 Qui
480 2178 601 2267 [Attila]
623 2182 762 2262 quamvis
786 2180 878 2242 huius
892 2192 970 2243 esset
993 2192 1137 2261 naturae,
1155 2192 1192 2243 ut
1216 2203 1336 2267 sempe

241 2286 353 2374 inagna
364 2286 541 2367 confideret,
561 2286 693 2349 addebat
704 2289 731 2349 ei
744 2288 851 2350 tamen‘
865 2286 1079 2350 confidentiam
1093 2286 1211 2372 gladius
1227 2292 1338 2351 Martis

104 2424 106 2429 ·
241 2376 398 2478 intentus,
419 2396 501 2479 apud
519 2396 703 2481 Scytharum
721 2418 807 2480 reges
822 2418 942 2481 semper
963 2395 1096 2459 habitus.
1139 2398 1244 2476 Quem
1266 2400 1337 2461 Pri-

243 2526 312 2567 scus
321 2504 484 2567 historicus
508 2504 563 2567 tali
588 2504 681 2567 reicrt
702 2504 859 2565 occasione
879 2502 1045 2567 detectum.
1088 2507 1194 2585 Quum
1212 2518 1339 2589 pastor,

243 2618 407 2699 inquiens,
428 2614 553 2697 quidam
570 2616 667 2698 gregis
682 2634 776 2674 unam
796 2611 941 2675 buculam
957 2615 1146 2698 conspiceret
1161 2612 1341 2678 claudican-

242 2734 324 2802 tem,
357 2744 414 2785 uec
438 2742 559 2783 causam
582 2722 660 2781 tanti
682 2718 818 2782 vulneris
842 2720 1010 2811 inveniret,
1040 2722 1187 2785 sollicitus
1207 2726 1339 2807 vestigia

242 2830 361 2891 cruoris
382 2830 570 2910 insequitur:
597 2824 783 2907 tandemque
809 2826 959 2888 venit·ad
984 2826 1137 2912 gladium,
1167 2856 1268 2918 quem
1288 2835 1343 2897 de·

242 2958 369 3020 pascens
386 2933 497 2997 herbas
508 2932 621 2995 bucula
639 2935 761 2994 incaute
775 2931 957 3012 calcaverat,
978 2934 1182 3023 effossumque
1196 2943 1342 3025 protinus

243 3045 283 3107 ad
301 3036 429 3113 Attilam
455 3042 561 3104 defert
603 3042 674 3120 Quo
695 3037 748 3101 ille
761 3060 888 3102 munere
910 3042 1099 3128 gratulatio,
1120 3058 1156 3109 ut
1179 3060 1251 3110 erat
1277 3070 1345 3109 nra-

243 3152 418 3237 gnanimus,
439 3150 606 3212 arbitratur
630 3168 662 3209 se
691 3148 785 3209 totius
808 3148 916 3209 mundi
933 3152 1102 3235 principem
1116 3158 1346 3246 compartum,

244 3270 276 3322 et
296 3280 352 3344 per
384 3259 492 3320 Martis
521 3253 656 3337 gladium
677 3263 857 3336 potestatem
879 3254 939 3316 sihi
960 3277 1133 3321 concessam
1156 3281 1225 3323 asse
1246 3260 1349 3323 bellu·

245 3389 326 3435 rum,
369 3366 444 3452 Cup.
463 3360 608 3424 XXXV.

329 3497 362 3559 9.
407 3475 513 3552 Quum
533 3468 572 3530 ad
598 3468 729 3530 Romam
752 3470 871 3531 animus
894 3471 999 3535 luisset
1022 3476 1088 3537 dus
1120 3476 1282 3565 [Attilae]
1305 3490 1349 3539 ar.

172 3635 177 3649 ,
247 3592 348 3643 tentus
360 3581 524 3658 accedere,
553 3580 600 3640 sui
626 3600 707 3657 eum,
731 3590 766 3640 ut
783 3579 907 3642 Priscus
931 3583 1024 3644 refert
1041 3585 1223 3669 historicus,
1248 3610 1353 3651 remo·

248 3710 340 3768 vere,
370 3711 431 3751 non
456 3688 548 3767 urbi,
577 3689 627 3749 cui
654 3689 770 3749 inimici
786 3699 892 3769 erant,
913 3690 1125 3774 consulentes,
1147 3696 1208 3758 sed
1231 3696 1356 3758 Alarici

248 3794 403 3881 quondam
433 3796 674 3882 vesegotharum
700 3797 791 3879 Regis
821 3796 997 3861 obiicientes
1026 3803 1230 3885 exemplum,
1266 3803 1359 3866 veriti

172 3892 341 3988 thurgis
373 3905 420 3965 sui
445 3904 615 3981 fortunam,
645 3904 718 3987 quia
755 3903 807 3966 illc
827 3917 896 3988 post
910 3907 1041 3970 fractam
1060 3910 1195 3973 Romam
1211 3914 1276 3974 diu
1296 3932 1360 3972 non

243 4013 462 4097 supervixerat,
479 4009 532 4073 sed
548 4012 689 4093 protinus
703 4009 795 4073 rebus
807 4012 931 4075 acessit
944 4013 1094 4081 humanis.
1114 4018 1202 4103 Cap.
1238 4014 1358 4081 XLII·
