2734 4634
262 190 305 253 ru
332 184 518 253 ronooss
549 184 846 254 onrrnrouour.
1015 158 1098 253 ὅδε

26 344 207 407 tudovicum
225 342 265 407 de
285 344 439 421 Lacerda,
459 342 601 413 loannem
620 342 791 407 Οττατεῑιιτα
802 344 944 407 Vossiurn
963 344 1100 432 aliosque

26 430 138 489 iussim.
163 430 263 507 Quam
282 449 358 489 vero
377 427 418 489 ob
438 448 558 489 causam
580 428 659 488 idem
682 424 757 488 illud
770 426 945 489 Buccellarii
964 432 1100 494 vocabu-

25 534 82 573 ¹um
103 510 266 573 inclinante
286 513 345 571 iam
355 510 487 571 Orientis
508 512 634 591 irnperio
658 508 891 592 Hellenogalatis
912 513 975 573 sive
995 515 1100 577 Gallo-

25 596 148 674 graecis,
175 594 257 677 quod
278 595 320 654 ait
339 593 460 667 suidas,
490 614 655 675 eorumque
673 595 788 675 regioni
809 591 988 674 adhaeserit,
1008 597 1100 661 doce-

25 678 62 737 ›it
82 690 136 757 te,
159 679 184 738 si
205 680 320 749 nescis,
343 676 555 737 Constantinus
565 676 861 759 Porphyrogeoitus,
889 679 976 742 cuius
996 689 1099 743 tamen

25 782 74 821 roc
96 762 127 821 in
150 768 327 843 argumento
348 760 554 821 auctoritatem
574 760 689 843 respuit
714 759 878 821 Salmasius
898 761 930 820 in
950 758 1099 827 Plinianis

25 844 55 903 td
76 843 216 905 Solinum
237 840 504 905 exercitationibus.

101 924 180 1007 Pag.
195 926 227 1003 4.
237 926 277 985 Ι).
294 924 323 1008 [4
327 924 376 1003 50,
393 916 433 1007 1.]
455 923 686 985 Foederatorum
701 944 816 985 nonren.
861 924 952 1004 Quod
970 924 1098 992 Ioannes

24 1008 169 1069 lleursius
189 1008 220 1069 in
241 1006 393 1069 Glossario
422 1029 457 1069 ex
483 1007 605 1069 Malcho
625 1005 882 1089 Philadelphiensi
903 1011 998 1089 (cuius
1022 1010 1098 1074 hoec

24 1091 110 1150 rerba
131 1092 163 1151 in
182 1090 337 1173 Excerptis
358 1111 426 1173 pag.
439 1088 492 1173 94.
515 1091 550 1149 Β.
574 1090 610 1149 C.
632 1089 771 1150 editionis
790 1090 904 1171 regiae:
928 1083 976 1154 ὅτι
998 1090 1034 1156 ἐν
1054 1092 1100 1178 τῷ
1133 1151 1137 1157 .

24 1173 85 1251 ὲ’ξῆς
99 1168 162 1233 ἔτει
183 1170 236 1235 ἕπτ’
250 1170 395 1254 Ζήνωνος
409 1172 555 1252 πρέσβεις
573 1160 672 1253 ἦλθον
688 1173 722 1232 ἐν
741 1168 847 1255 Θρᾴκῃ
865 1173 929 1235 τοῖν
941 1169 1099 1239 ὑποσπόν·

24 1252 80 1315 ἴων
91 1254 122 1316 Γ
120 1249 231 1331 ότθων,
247 1251 303 1329 οὓς
322 1249 359 1336 δὴ
376 1254 431 1315 κατ’
444 1250 650 1337 φοιδεράτοος
671 1248 700 1313 αἱ
711 1250 862 1329 Ῥωμαῖοι
873 1256 1028 1336 καλαῦσι,)
1041 1280 1098 1322 noe

24 1359 77 1398 ron
94 1359 128 1398 er
141 1338 269 1399 lordone
289 1339 327 1399 de
348 1338 438 1399 rebus
454 1338 564 1397 Geticis
587 1334 727 1419 colligere
746 1336 878 1410 videtur,
901 1338 1008 1401 Gothis
1017 1341 1098 1401 dun·

23 1431 98 1481 exat
110 1420 169 1483 hoc
185 1444 295 1482 nornen
305 1420 452 1482 tributum
473 1418 563 1481 fuisse
577 1440 637 1478 :-
651 1431 718 1479 tum
738 1439 772 1478 ex
793 1431 897 1480 nostro
918 1420 977 1481 hoc
987 1422 1098 1506 Olym·

23 1503 167 1578 tiodoro,
201 1516 269 1565 tum
296 1527 331 1565 ex
351 1504 416 1563 aliis
439 1502 634 1585 scriptoribus
654 1502 786 1584 antiquis
805 1501 901 1563 roselli
921 1515 1038 1585 potest,
1062 1527 1099 1568 ao

23 1589 195 1669 nominatim
215 1588 365 1668 Brocopio
386 1584 439 1645 lib.
457 1583 734 1649 1.Vandalicorum
755 1606 788 1665 p.
805 1586 870 1646 106.
885 1586 943 1647 sub
962 1589 1096 1649 initiume

23 1668 48 1729 *v
71 1670 257 1753 παρασκευῇ
277 1660 342 1748 εἶχε
368 1662 481 1744 πεζούς
507 1666 566 1747 μὲν
585 1660 779 1747 στρατιώτας
796 1666 952 1747 μυρίους,
983 1665 1099 1744 ἱππέας

23 1750 49 1811 li
72 1749 342 1833 πεντακισχιλίους
370 1744 403 1811 ἔκ
426 1770 460 1813 τε
486 1750 685 1830 στρατιωτῶν
705 1748 761 1809 καί
780 1743 978 1831 φοιδερᾰτων
998 1753 1099 1827 ξοντι·

22 1830 192 1913 εγμὲνονς.
232 1833 266 1895 ἐν
292 1832 326 1895 δὲ
356 1830 394 1913 δι’]
425 1829 624 1917 φοιθεράτοις
651 1825 801 1913 πρότερον
828 1832 888 1911 μὲν
906 1829 999 1910 μόνοι
1016 1833 1099 1918 βαρ.

22 1918 112 1993 lupos
140 1916 351 1996 κατελέγοντο,
385 1908 453 1977 ὅσοι
483 1914 540 1977 οὐκ
566 1914 620 1977 ἐπὶ
644 1909 679 1978 τὰ
711 1914 819 1975 δοῦλοι
846 1906 937 1988 εἶναι,
962 1908 1033 1999 (ὅτε
1050 1913 1095 1999 μὴ

22 1994 93 2096 τρός
110 1993 281 2076 Ῥωμαίων
300 1995 497 2082 ἡσσημένοι,)
513 1996 579 2059 ἀλλ’
598 1992 652 2058 ἐπὶ
670 1996 711 2083 τῇ
730 1992 782 2097 lup
804 1995 862 2057 καί
879 1998 918 2081 τῇ
938 1994 1032 2095 ὃριοίρι
1052 1999 1099 2071 εἰς

22 2103 74 2165 ην
95 2076 252 2141 πολιτείαν
273 2078 441 2164 α’φίκσιντο.
482 2078 616 2163 φοιθιρα
646 2074 709 2161 γὰρ
739 2102 796 2153 τας
813 2074 893 2160 πρὸς
911 2100 984 2155 τους
1005 2083 1099 2141 πολε-

22 2162 107 2234 ιιὀος
127 2159 264 2237 σπονδάς
284 2166 416 2225 καλοῦσι
436 2156 606 2241 Ῥωμαῖοι.
636 2158 669 2225 τὸ
695 2160 731 2223 δὲ
752 2164 807 2225 νῦν
828 2182 929 2224 απασι
948 2162 1005 2222 τοῦ
1025 2157 1103 2224 α’νό-“

21 2265 114 2317 ιατος
143 2240 256 2308 τούτου
280 2241 479 2327 ἐπιβατεύειν
501 2242 559 2305 οὐκ
582 2245 617 2307 ἐν
637 2242 766 2329 κωλύμῃ
787 2239 870 2319 iovi,
892 2242 950 2305 τοῦ
974 2236 1095 2325 χρόνον

21 2324 72 2401 τὶς
109 2330 340 2429 προσηγορίας,
374 2328 427 2411 ἐφ’
454 2316 499 2389 ὧν
518 2325 691 2405 τέθεινται,
721 2318 835 2407 ἥκιστα
861 2324 1025 2400 α’ξισῦντος
1042 2348 1103 2407 rep-¹

21 2416 101 2488 ιεΐν,
142 2410 223 2473 utta
259 2414 323 2475 τῶν
357 2403 551 2493 πραγμάτων
584 2402 636 2471 risi
667 2406 923 2491 περιφερομένων
946 2396 968 2491 ᾗ
995 2407 1098 2469 ταῦτα

21 2492 103 2577 ἱγειν
132 2492 298 2557 ἐθέλουσιν
328 2484 508 2576 ἅνθρωποι,
539 2494 601 2555 τῶν
618 2488 757 2576 πρόσθεν
778 2488 888 2562 adroic
911 2485 1099 2569 rivopuope'-

23 2600 76 2641 ων
99 2566 333 2660 ὀλιγωροῦντες.
376 2566 527 2657 ἄρχοντες
550 2576 585 2639 δὲ
608 2568 691 2657 ἦσαν
714 2568 912 2658 φοιδεριέτων
945 2572 1005 2650 μὲν
1024 2575 1098 2637 Δω-

21 2660 129 2730 ‚decor
156 2672 213 2721 ete.
265 2660 393 2721 Illustris
413 2658 502 2741 plene
517 2658 630 2739 locus,
657 2660 711 2741 qui
735 2667 765 2717 ct
797 2657 896 2717 lucem
925 2652 1099 2716 foeneretur

21 2744 257 2828 )lympiodoro‚
287 2754 317 2805 et
352 2742 391 2803 ab
428 2764 464 2802 eo
494 2744 624 2804 vicissim
655 2742 799 2823 accipiat,
833 2756 893 2821 qua
921 2737 1099 2799 refellantur

21 2834 54 2906 i,
90 2827 143 2907 qui
177 2826 207 2886 id
236 2826 358 2887 demum
384 2824 483 2887 Proco
505 2828 525 2885 ii
550 2838 689 2909 tempore
718 2825 876 2905 contigisse
901 2822 1100 2882 contendunt.

21 2916 140 2971 ‘oterot
159 2910 249 2969 etiam
264 2909 413 2970 Meursius
431 2848 642 2993 suffragantem
661 2907 796 2991 opinioni
818 2924 889 2967 suae
899 2904 1024 2965 Suidarn
1043 2904 1099 2965 ad-

21 2992 166 3056 criberer
192 2990 400 3075 φοιδεράτοι·
432 2984 514 3051 οὕτω
544 2992 675 3053 καλοῦσι
708 2986 866 3059 Ῥωμαῖοι
904 2982 979 3061 τούς
1019 2982 1099 3048 ὕπα-

21 3068 170 3149 ·πα’νδοιις
193 3074 255 3137 τῶν
277 3073 419 3137 Σκυθῶν.
461 3075 577 3135 Gothos
606 3084 707 3135 autem
735 3069 828 3153 vulgo
853 3068 979 3151 Scythas
1003 3068 1100 3131 dictos

21 3162 166 3223 Traianus
196 3158 345 3219 Patricius
366 3160 491 3233 asserit,
514 3156 661 3219 referente
683 3157 843 3217 Anastasio
863 3152 1099 3218 Bibliothecarto

21 3242 157 3306 'istoriae
187 3240 400 3305 ecclesiasticae
428 3262 496 3325 pag.
518 3244 569 3303 55.
607 3241 746 3302 editionis
778 3238 888 3319 regiae.
938 3236 1031 3297 Plura
1060 3234 1099 3295 dc

21 3326 176 3390 sederatis
196 3326 234 3386 R.
266 3325 304 3386 P.
326 3324 506 3385 Sirmondus
535 3326 568 3384 in
587 3326 667 3385 notis
697 3323 737 3383 ad
767 3320 884 3381 Sidonii
914 3316 1101 3401 Apollinaris

21 3442 23 3469 ι
54 3408 178 3489 istolas,
201 3408 327 3471 Carolus
347 3406 482 3469 Annibal
502 3407 665 3469 Fabrottus
686 3406 838 3469 Glossario
859 3402 897 3464 ed
918 3400 1100 3478 cedrenum,

88 3514 138 3553 ue.

66 3516 174 3657 ql’ug.
188 3571 219 3637 5.
235 3571 276 3634 A.
290 3570 436 3657 [rsus]
462 3571 633 3657 Olympium
654 3590 674 3630 α
701 3568 868 3631 (ἵσατιαιιιίσ
883 3563 1015 3648 fiotibtu
1035 3581 1102 3624 ma·

21 3672 136 3725 tatum.
175 3649 345 3729 Ῥοπὰλοις
367 3652 536 3733 παιόμενον
555 3653 816 3729 hebentGraeca‚¹
864 3673 883 3711 a
903 3652 994 3710 etiam
1013 3644 1102 3708 dieti·

21 3764 75 3805 ne
95 3760 165 3800 usus
186 3738 312 3801 Photius
332 3739 365 3798 in
388 3760 436 3798 um
459 3738 585 3799 lioribus
606 3759 640 3799 er
664 3735 827 3797 historiaP
851 3734 996 3833 ilostorpii
1018 3728 1100 3789 eclo-

24 3832 56 3889 is
82 3824 167 3883 initio
188 3820 257 3882 libri
283 3841 349 3882 rm:
374 3818 432 3881 ‹ttt
463 3812 520 3880 οὐκ
540 3816 585 3892 εἰς
603 3814 729 3899 μακρὰν
745 3813 801 3877 κατ’
825 3812 921 3876 αὐτὸν
949 3805 1101 3897 portitore

21 3902 224 3987 ἔναιρεθέντα
246 3904 414 3989 (plumbatis
443 3924 556 3963 caesrcm
582 3904 681 3965 reddit
709 3901 863 3980 interpres)
886 3897 942 3977 τῆς
965 3912 1101 3976 μιαιφο-

21 3992 85 4058 lac
114 3984 171 4067 triv
194 3983 283 4069 δίκην
312 3984 460 4047 ἀποτῖσαι
489 3988 531 4069 τῷ
558 3985 739 4065 Στελίχωνι.
783 3980 901 4057 Quodsi
920 3977 1011 4062 paulo
1055 3983 1103 4037 ost

21 4070 196 4137 {telichonis
217 4070 334 4131 obitum
357 4090 470 4152 poenus
491 4068 575 4131 dedit
595 4066 770 4152 Olympius,
795 4060 831 4139 dc
852 4057 986 4144 ἠγάγετο
1044 4064 1103 4127 λα·

45 4187 211 4261 Dexippus,
228 4187 376 4261 Eutropius
391 4199 445 4247 etc·
874 4178 910 4235 ³6
