2734 4634
274 155 359 268 524
688 177 907 246 narseum

274 345 305 430 Si
323 342 421 415 desint
435 335 570 416 imbres3
590 357 645 400 nec
665 335 775 419 linquit
787 340 875 420 oopia
898 339 995 402 vietus
1008 380 1029 417 ,-·

275 439 474 522 consiliisque
494 438 554 498 tuis
577 457 734 514 servamur
749 459 838 520 saepe
860 446 1006 520 paternis.

275 544 450 624 Aegyptum
469 548 581 620 septem
601 536 643 598 sic
666 547 766 598 servat
789 537 929 620 losipbus
943 558 1060 616 annos,

276 641 349 714 tlte,
365 639 524 725 pudicitiae
547 639 658 698 meruit
672 640 725 719 qui
744 637 843 698 sidera
863 638 966 714 fama,

279 741 373 804 Cuius
397 737 525 822 placavit
545 737 690 818 sapientia
707 737 843 800 numinis
864 739 943 813 iras,

278 839 463 922 Memphitae
487 837 567 916 regis
585 834 706 898 solvens
721 838 869 900 insomnia
884 839 974 897 mira.

278 939 480 1008 Horreanam
500 939 615 1019 primus
637 934 700 996 Nili
717 946 924 999 construxerat
944 937 1024 1011 oris,

278 1040 409 1099 Luxurie
429 1035 594 1120 prohibens
609 1035 698 1098 urbes
721 1047 885 1118 cautusque
904 1035 1019 1115 munt,

277 1137 379 1220 Atque
397 1134 509 1196 famem
524 1135 623 1216 potuit
638 1134 744 1196 divina
762 1136 882 1196 vincere
898 1157 983 1198 curo.

363 1237 423 1298 Per
440 1246 471 1296 te
487 1234 593 1297 seditio
608 1237 726 1317 penitus
746 1234 864 1296 delenit
879 1235 919 1296 ab
940 1235 1036 1315 urbe,

279 1337 431 1396 Innocuos
453 1334 583 1417 spolians
602 1334 660 1398 sub
678 1344 774 1396 terras
792 1335 856 1396 sole
872 1345 1015 1399 retracto.

282 1437 362 1496 Nam
382 1437 462 1504 cives
485 1435 591 1497 mediis
616 1434 781 1496 caedebant
800 1435 961 1498 moenibus
982 1456 1074 1510 ense,

282 1533 465 1598 bacchantes
483 1533 611 1594 stimulis
627 1535 714 1612 vini,
735 1532 905 1616 plausuque
923 1533 1105 1610 frementes,

281 1635 324 1696 Et
336 1631 437 1716 spoliis
454 1635 535 1714 pacis
554 1631 719 1720 gaudentes
735 1643 825 1694 nocta
841 1634 965 1713 paratis.
1105 1703 1109 1708 ,

282 1733 349 1814 lpse
371 1741 454 1793 vetas
469 1727 576 1809 iudos,
598 1734 769 1792 animarum
790 1731 918 1806 damna,
940 1730 1101 1807 nefandos,

282 1831 385 1914 Atque
402 1827 569 1912 voluptates
585 1829 727 1912 prohibes
747 1852 766 1892 a
781 1833 926 1914 sauguine
941 1833 1019 1892 sumi
1035 1877 1045 1907 ,

281 1929 421 2014 Corporis
439 1939 470 1992 et
486 1949 576 1990 causa
596 1929 736 2012 menendi
754 1930 882 2012 perdere
911 1932 1027 2010 vium3

284 2031 441 2092 Humanas
461 2049 566 2090 arcens
581 2027 708 2090 lacerari
724 2027 865 2093 dentibus
883 2041 990 2107 artus,

282 2130 452 2208 Dentibus,
474 2141 610 2192 armatur
623 2128 724 2192 rabies
738 2130 849 2212 quibus
868 2140 934 2190 atra
953 2123 1097 2193 serarum.

284 2231 326 2293 Et
342 2249 486 2314 superans
506 2249 611 2290 omnes
626 2231 736 2293 mentis
749 2231 885 2292 novitate
898 2228 1064 2310 benignae,

286 2328 405 2390 Sufficis
423 2327 505 2390 baud
531 2327 633 2388 animo
652 2330 784 2411 cupienti
803 2328 963 2402 commoda
975 2328 1091 2389 cunetis

285 2430 421 2512 largiri,
441 2427 580 2510 quamvis
597 2449 759 2491 numerum
780 2429 932 2489 vinoentia
945 2427 1061 2505 donas,
1315 2428 1340 2486 π’

287 2525 438 2612 lngen'uos
452 2527 610 2606 relevans,
632 2526 750 2590 occulta
765 2549 892 2591 munera
905 2536 1071 2611 praestans.

280 2629 426 2708 ‚Namque
438 2627 523 2708 cupis
543 2627 651 2708 Superi
668 2637 701 2688 to
720 2629 804 2689 cami
823 2626 938 2688 lumine
958 2624 1047 2705 solo;

286 2726 486 2808 corrupitque
501 2736 590 2786 tuum
604 2746 667 2787 uon
682 2725 747 2788 ulla
759 2726 901 2808 superbia
916 2737 1039 2808 pectus,

289 2822 485 2906 Affectusque
502 2821 600 2888 bonos
627 2826 752 2886 minime
769 2825 891 2887 fortuna
906 2827 1043 2902 novarit.

287 2925 329 2984 Et
348 2925 545 3006 quicumque,
572 2926 657 3006 pn'us
675 2947 798 3008 caperes
821 2945 912 3007 quam
929 2935 1046 3006 sceptra
1066 2935 1207 3006 rogatus,
1327 2924 1351 2971 ''.

287 3021 424 3086 offendit
439 3025 580 3107 propriae
601 3033 765 3086 temeratus
781 3025 908 3086 crimine
922 3023 1048 3105 culpae,

287 3119 399 3190 Felicis
413 3120 529 3185 domiui
547 3123 659 3185 fruitur
677 3145 761 3184 nuno
782 3135 920 3206 tempore
938 3121 1035 3202 laeto,

287 3222 427 3286 Praemia
449 3242 506 3304 pro
520 3223 626 3304 poenis
650 3225 776 3306 speratis
796 3244 915 3286 sumere
931 3224 1056 3283 mirans.

289 3323 404 3382 Omnia
425 3318 477 3382 sed
492 3332 633 3402 superat,
654 3322 817 3411 Princeps,
838 3323 998 3404 praeconia
1021 3333 1121 3386 vestm

286 3421 483 3504 Propositum
503 3423 636 3504 sapiens,
652 3443 715 3506 quo
732 3421 809 3483 fidos
822 3421 908 3505 eligis
928 3421 1016 3484 aulae
1310 3417 1351 3495 sit

290 3520 452 3598 Custodes,
478 3543 532 3604 per
551 3541 625 3603 quos
646 3523 784 3584 Romana
804 3524 940 3604 potentia
960 3533 1092 3596 creseat,

287 3621 330 3682 Et
352 3643 433 3704 quo,
458 3619 555 3684 Romo
571 3631 657 3682 vetus
682 3623 764 3682 misit
779 3642 998 3706 quoscunque,
1023 3622 1155 3706 benigue

291 3719 467 3800 sustentus,
489 3723 571 3784 omni
589 3724 707 3805 penitus
721 3724 839 3786 ratione
853 3722 1004 3797 fovendo,

289 3817 439 3880 Provehis
458 3831 488 3882 at
509 3821 650 3904 gradibus
670 3820 832 3903 praeclaris
847 3821 943 3884 laetus
953 3821 1125 3902 honorum,

293 3917 336 3976 Ne
352 3915 453 3977 damni
478 3924 592 4001 patriae
613 3943 716 3984 sensus
736 3921 849 3982 fiantve
875 3920 1005 3990 dolores.

292 4013 461 4084 Fortinum
483 4039 577 4104 quare
602 4022 656 4087 tibi
677 4022 788 4125 debent
813 4033 905 4108 atque
920 4019 1072 4101 salutem,
