2734 4634
388 62 655 168 eminent
681 58 885 173 urerent.
1081 82 1161 171 381

17 250 22 260 '
83 239 126 304 δέ
148 262 230 318 τινες
248 246 305 306 τοῦ
327 240 430 330 φόλου
450 246 484 314 τό
506 249 585 316 κατά
610 255 696 340 σφάς
717 253 834 333 αότσός
856 256 1086 345 ἐναφανίντες,
1107 258 1306 343 vittate&

81 332 171 404 εἶναι
191 337 295 425 ἔλεγον
313 346 376 410 τάν
395 347 553 415 αἰιαισάυν
570 352 738 437 ἐλατῆρας,
767 355 869 439 άγχοῦ
889 348 988 442 ἦλθον
1010 364 1072 427 τεόν
1091 356 1250 451 περόῙΠῑῙ·’

80 436 274 523 Ζίμαθλον.
317 442 372 508 καί
388 448 492 513 τοίνυν
512 444 637 515 ἅπαντα
658 447 719 518 όσα
740 456 928 540 ἐπεφέροντο
949 461 1067 543 φορτία
1088 426 1294 548 ἄραξὲωῑέωέ

79 560 192 618 μενοι,
214 536 331 610 ἔθεσαν
349 546 384 609 ἐν
414 548 511 635 μέσφ.
551 544 617 614 εἶτα
637 560 703 628 τοῖς
722 556 780 617 reri
799 553 929 635 λιβάνου
950 557 1075 637 κλάδοις
1095 563 1159 647 πόρ

59 635 276 720 δαίνάψαντες,
295 644 334 729 τῇ
346 646 486 733 Σκυθικῇ
499 650 591 735 φωνῇ
603 649 754 737 βάρβαρα
769 645 847 718 άττα
860 652 989 739 ῥήματα
1008 656 1167 741 όπεψιθό-

80 738 185 820 ριζον,
208 739 472 824 ἐπιπαταγοόντες
492 747 529 811 δέ
550 745 678 814 καόδαινί
701 776 764 816 τινε
784 752 839 817 καί
856 749 1013 843 τνμπάνιρ,
1026 752 1166 841 όπερθεν

78 840 144 899 τοῦ
166 833 286 924 φόρτου
314 845 503 929 περιέφερον
533 843 569 910 τό
599 852 765 933 φυλλάδος
784 854 842 915 τοῦ
861 850 990 935 λιβάνου
1013 858 1052 941 τῇ
1072 860 1167 943 φλογί

80 930 297 1020 λακιζόμενον,
318 939 373 1005 καί
393 937 462 1024 ἅμα
480 941 639 1026 γινόμενοι
650 944 822 1031 μανιώδεις
841 956 898 1016 καί
918 950 1165 1039 έμβριμοόμενοι

78 1032 124 1097 τά
143 1032 262 1119 πονηρά
283 1037 472 1107 ἀπελαύνειν
492 1039 637 1109 ἐδόκουν·
678 1041 759 1127 νότια
779 1051 839 1134 γάρ
862 1050 1074 1136 α’ποιρόπαιοί
1084 1078 1165 1130 τινες

35 1128 164 1197 ιοεῖναι
181 1136 236 1199 καί
254 1134 431 1215 ἀλεξίκακοι
460 1138 599 1207 ἐδόκουν.
647 1144 1000 1232 άποόισπομπησάμενοι
1019 1148 1066 1235 ,δη
1088 1142 1162 1233 οὖν,

78 1228 127 1306 ὦς
149 1224 258 1319 ᾤοντο,
281 1235 321 1300 τά
345 1239 506 1327 δυσχερῆ,
534 1241 712 1333 Ζῄμαρχόν
740 1270 774 1311 τε
795 1244 894 1312 αότόν
920 1250 963 1311 δι’
985 1243 1081 1334 αόιῆς
1100 1276 1162 1315 πα-

75 1327 218 1415 ρήγαγον
246 1336 302 1417 τῆς
334 1335 465 1421 φλογός·
508 1332 571 1405 eidi
591 1366 624 1407 τε
656 1341 767 1423 ἔδοξαν
785 1348 840 1409 καί
859 1349 944 1431 σφᾶς
968 1344 1161 1433 άφαγνίζειν.

72 1429 203 1495 τοάταιν
231 1435 267 1497 δὲ
283 1432 393 1523 ταότη
414 1440 648 1523 γεγενημένων,
676 1439 786 1510 ἔπειτα
816 1443 998 1529 ἐπορεύοντο
1019 1442 1077 1523 ξόν
1096 1456 1162 1524 τοῖς

69 1531 106 1604 ἐς
129 1527 166 1593 τό
187 1526 303 1596 τοιόνδε
323 1536 537 1618 τεταγμένοις,
560 1537 611 1603 ἵνα
632 1536 648 1605 ό
671 1538 821 1624 Χαγάνος
842 1537 937 1619 αόεός
959 1532 1010 1628 ἧν,
1033 1540 1066 1607 ἓν
1087 1534 1182 1628 όρειζὶ

29 1626 139 1693 ι5τινό
155 1634 308 1720 λεγομένῳ
327 1631 455 1715 Ἔκιάγ,
475 1635 520 1711 cie
540 1631 673 1703 άνεῖποι
692 1644 835 1724 χρυσοῦν
856 1631 925 1727 όρος
937 1637 1049 1727 Ἕλλην
1070 1638 1160 1729 άνήρ.

66 1726 130 1791 καί
151 1730 256 1793 τοίνυν
276 1730 378 1797 adrev*
400 1729 607 1818 ducatuum,
633 1734 694 1822 όπη
714 1732 885 1823 τηνικαῦτα
904 1742 948 1830 τῷ
970 1739 1159 1830 Διζαβοόλιρ

64 1821 157 1909 ἦσαν
179 1827 215 1893 αἱ
236 1830 421 1915 διατριβαί,
451 1832 532 1898 κατά
553 1834 592 1919 δη“
615 1835 745 1904 κοιλάδα
768 1838 837 1904 τινά
862 1844 921 1903 rosi
943 1863 1160 1924 προσαγορεν-
1202 1904 1206 1911 ,

65 1928 189 2006 σμένον
216 1932 344 2013 χρυσοό
371 1920 474 2015 όρους·
524 1933 596 1999 έπεό
618 1930 675 2002 οόν
713 1934 742 2015 οἱ
766 1936 841 2023 περί
864 1935 1040 2023 Ζὴμαρχον
1059 1932 1160 2003 ἐκεῖσε

62 2026 251 2109 ἐφοίιησαν,
271 2028 458 2117 μετάκλητοε
478 2030 637 2116 γενόμενοι
656 2038 854 2121 παραχρῆμα
877 2042 934 2101 τοῦ
954 2033 1156 2119 Διζαβοόλον

16 2118 174 2208 νοῆλθον
195 2128 228 2202 ἐς
248 2119 334 2209 butte.
356 2123 397 2215 ἦν
416 2134 451 2196 δέ
472 2126 537 2218 ἄρα
559 2131 649 2199 ένδον
668 2141 797 2219 σκηνῆς,
820 2139 959 2221 καθῆστο
982 2138 1016 2199 δέ
1036 2134 1090 2199 ε’πό
1109 2138 1159 2199 δι-

59 2222 187 2309 τράχον
208 2230 368 2314 καθέδρας
385 2235 531 2316 χρυσῆς,
553 2228 735 2318 ἑλκομένης,
758 2230 887 2318 ὁπηνίκα
914 2232 979 2297 ἔδει
986 2284 996 2314 ,
1025 2234 1081 2319 ὑφ’
1102 2236 1246 2303 tiz-tuos

57 2349 129 2389 πον
152 2319 232 2400 ἑνός.
272 2328 492 2412 προσειπόντες
521 2334 555 2395 δὲ
582 2330 635 2396 τόν
653 2330 836 2416 βάρβαρον,
858 2332 902 2407 eie
922 2330 995 2407 ἔθος
1018 2333 1146 2413 αὐτοῖς,

58 2422 106 2491 τά
129 2426 220 2508 διόρα
248 2432 441 2512 προΐσχοντο.
484 2429 540 2494 καί
566 2433 672 2496 τοίνυν
693 2426 741 2507 νίς
761 2455 796 2515 γε
823 2433 916 2495 τοῦτο
936 2428 971 2495 ἐν
993 2428 1155 2516 φροντίσιν

136 2563 163 2597 n.
182 2544 327 2599 ἀπαισίων
342 2547 392 2611 tt,
410 2545 560 2603 άπουσίων
575 2550 645 2619 vulg,
752 2550 767 2603 3
785 2579 821 2591 -
842 2550 865 2603 5.
884 2546 974 2601 Verba
991 2548 1148 2619 ἐπεφέρον-
1191 2554 1202 2565 ‘

135 2630 171 2666 το
189 2642 219 2655 -
237 2617 381 2685 βάρβαρα,
406 2635 475 2687 quac
498 2620 529 2671 ln
553 2620 608 2671 Ecl.
637 2620 815 2681 exciderunt,
832 2638 865 2671 ex
884 2618 967 2689 Suida
993 2636 1012 2669 ε.
1034 2637 1058 2671 v.
1078 2636 1153 2688 φορ-

135 2689 185 2736 τία
209 2688 330 2741 restituit
352 2690 476 2755 Τουρίαν
496 2690 517 2740 Ι.
534 2706 561 2759 p.
580 2694 639 2746 552.
660 2690 714 2761 (ed.
742 2690 788 2755 L.)
807 2690 842 2741 N.
913 2691 936 2743 5.
970 2688 1054 2743 ἐάττοι
1077 2690 1152 2761 vulg.

134 2756 214 2809 εὶάιο
232 2758 264 2810 Η.
283 2760 363 2811 Recte
375 2758 436 2810 Vel.

51 2860 252 2928 ostenderent,
273 2863 302 2912 in
321 2878 369 2913 sun
386 2862 497 2931 regione
517 2862 583 2915 l'crri
599 2861 707 2915 fodinas
724 2878 789 2915 esse.
825 2862 880 2915 Alii
897 2876 1006 2935 queque
1024 2860 1150 2925 homines

53 2950 94 2983 ex
114 2930 212 2983 eadem
239 2941 318 3003 geute
343 2949 372 2983 se
399 2932 472 3000 ipsos
495 2941 592 3000 sponte
619 2932 824 2995 exhibuerunt,
852 2950 921 3004 quos
944 2932 1071 2985 dicebant
1089 2950 1147 2987 esse

51 3019 235 3053 averruncos.
272 3003 306 3053 lii
326 3019 385 3053 enm
409 3002 444 3053 ad
462 3002 635 3054 Zemarcbum
659 3004 847 3067 accessissent,
868 3004 979 3055 sarcinis
996 2999 1147 3071 depositis,

51 3072 155 3125 thuris
182 3074 247 3125 solie
266 3070 468 3133 incenderunt,
487 3071 669 3144 scythimque
688 3074 781 3143 lingua
800 3075 893 3126 nescio
912 3089 980 3145 quae
999 3074 1083 3127 verba
1102 3090 1147 3122 su-

50 3152 222 3202 rsumsunt,
238 3151 266 3195 et
288 3141 484 3195 tintinnabulis
503 3151 586 3213 etque
606 3147 741 3213 tympanis
760 3152 926 3207 resonantes,
945 3143 1040 3195 lelium
1057 3144 1144 3193 thuris

51 3217 127 3283 igne
148 3230 211 3264 eum
229 3214 344 3283 strepitu
367 3216 514 3265 laceratum
535 3214 777 3277 circumferebant,
801 3220 830 3265 et
845 3214 937 3267 liuore
965 3214 1062 3283 perciti
1087 3212 1144 3262 fre-

51 3291 244 3353 mentesque,
262 3283 407 3338 daemones
427 3283 566 3351 depellere
583 3284 670 3337 videri
688 3284 825 3336 volebant
860 3285 979 3337 Adversa
998 3284 1095 3351 igitur,
1113 3286 1144 3331 ut

49 3356 273 3415 existimabant,
298 3356 353 3406 elio
377 3355 514 3417 eversuri,
537 3354 711 3406 Zemarchum
734 3356 823 3423 ipsum
841 3372 890 3423 per
907 3356 1038 3407 flammam
1058 3349 1143 3401 duxe-

48 3434 142 3488 runt,
161 3443 218 3495 quo
237 3427 291 3478 ritu
308 3442 336 3477 se
354 3426 427 3494 ipsos
439 3440 547 3494 quoqne
560 3426 687 3477 lustrasse
706 3420 938 3478 sibividebnntur.
957 3422 1005 3474 llis
1023 3422 1060 3470 r'ta
1078 3435 1143 3472 con·

47 3498 159 3557 fectis,
179 3494 377 3548 deducentibus
403 3496 503 3565 quibus
520 3494 572 3546 hoc
591 3510 689 3548 munus
708 3495 898 3557 incumbebat,
920 3494 953 3545 ad
971 3492 1075 3553 locum,
1094 3486 1143 3543 ubi

47 3574 120 3620 erat
137 3565 289 3633 Cbsganus,
308 3566 337 3615 in
354 3576 456 3629 mente,
477 3569 525 3635 qui
546 3573 659 3617 vocatur
675 3568 748 3633 apud
766 3568 838 3635 ipsos
850 3566 941 3631 Ectng;
960 3566 1078 3613 montem
1094 3576 1143 3611 au·
1177 3606 1188 3631 ,

45 3655 136 3693 reurn
147 3636 469 3705 diceres,prolectisunt.
491 3638 522 3688 ln
540 3636 621 3688 huius
633 3637 755 3688 convalle
774 3646 830 3688 tum
849 3632 976 3700 temporis¹
995 3630 1142 3685 eratDisa·

45 3710 117 3763 buli
142 3708 321 3761 domicilium.
338 3706 408 3760 llluc
426 3724 486 3758 eum
504 3709 651 3769 venissent,
662 3708 752 3761 vuenti
763 3708 857 3777 ¹stetim
876 3702 909 3754 ad
921 3700 1075 3772 Cbeganum
1094 3718 1140 3753 nc-

45 3786 209 3833 ccssernnt
246 3780 271 3829 ls
290 3793 361 3829 vere
372 3780 443 3829 intra
461 3780 609 3829 tentorium
618 3795 697 3829 suum
715 3776 829 3829 sedebat
846 3776 874 3825 in
892 3774 959 3825 sella
980 3774 1083 3825 duabus
1095 3790 1139 3823 ro-

45 3856 87 3904 tis
110 3850 244 3909 suffirlm,
262 3864 351 3918 quse,
370 3849 393 3899 si
412 3865 479 3916 opus
500 3857 581 3910 essct,
600 3866 655 3899 uno
675 3866 746 3919 equo
766 3844 930 3899 trahebatur.
969 3844 1057 3913 Quem
1076 3858 1137 3893 eum

44 3924 234 3981 salutassent,
254 3934 382 3980 munera,
406 3927 437 3970 ut
455 3935 512 3971 mos
531 3926 581 3977 est,
600 3920 791 3988 protulerunt,
811 3932 880 3986 quae
899 3914 938 3973 hi,
966 3914 1065 3985 quibus
1085 3913 1137 3965 hoc

45 3991 220 4047 mandatnm
239 3997 313 4055 erat,
338 3996 524 4059 susceperuntr
568 3990 639 4043 Tum
665 3984 838 4040 Zemercbus:
874 3986 976 4051 „Tibi,
995 3984 1100 4055 inquit,
1118 4000 1135 4035 α
