<?xml version="1.0" encoding="UTF-8"?>
<!DOCTYPE html PUBLIC "-//W3C//DTD XHTML 1.0 Transitional//EN"
    "http://www.w3.org/TR/xhtml1/DTD/xhtml1-transitional.dtd">
<html xmlns="http://www.w3.org/1999/xhtml" xml:lang="en" lang="en">
 <head>
  <title>
</title>
<meta http-equiv="Content-Type" content="text/html;charset=utf-8" />
  <meta name='ocr-system' content='tesseract 3.04.00' />
  <meta name='ocr-capabilities' content='ocr_page ocr_carea ocr_par ocr_line ocrx_word'/>
</head>
<body>
  <div class='ocr_page' id='page_1' title='image "./dexippieunapiip00protgoog_0277.png"; bbox 0 0 2734 4634; ppageno 0'>
   <div class='ocr_carea' id='block_1_1' title="bbox 49 180 1280 428">
    <p class='ocr_par' dir='ltr' id='par_1_1' title="bbox 49 180 1280 428">
     <span class='ocr_line' id='line_1_1' title="bbox 367 180 1141 249; baseline 0.008 -8"><span class='ocrx_word' id='word_1_1' title='bbox 367 182 410 241; x_wconf 85' lang='lat' dir='ltr'>&#39;E</span> <span class='ocrx_word' id='word_1_2' title='bbox 437 180 568 247; x_wconf 87' lang='lat' dir='ltr'>PRlSCI</span> <span class='ocrx_word' id='word_1_3' title='bbox 595 183 802 249; x_wconf 80' lang='lat' dir='ltr'>HISTORIA.</span> <span class='ocrx_word' id='word_1_4' title='bbox 1062 194 1141 248; x_wconf 81' lang='lat'>211</span> 
     </span>
     <span class='ocr_line' id='line_1_2' title="bbox 49 332 1280 428; baseline 0.003 -29"><span class='ocrx_word' id='word_1_5' title='bbox 49 338 108 414; x_wconf 82' lang='grc' dir='ltr'>μῖν</span> <span class='ocrx_word' id='word_1_6' title='bbox 127 332 181 417; x_wconf 68' lang='grc' dir='ltr'>τῆς</span> <span class='ocrx_word' id='word_1_7' title='bbox 202 332 259 397; x_wconf 69' lang='lat' dir='ltr'>tut</span> <span class='ocrx_word' id='word_1_8' title='bbox 278 332 319 418; x_wconf 81' lang='grc' dir='ltr'>τῇ</span> <span class='ocrx_word' id='word_1_9' title='bbox 338 338 489 426; x_wconf 70' lang='grc' dir='ltr'><strong><em>πρεσβεία</em></strong></span> <span class='ocrx_word' id='word_1_10' title='bbox 504 335 700 421; x_wconf 72' lang='grc' dir='ltr'><strong><em>ἀποκρίσεως</em></strong></span> <span class='ocrx_word' id='word_1_11' title='bbox 720 338 870 423; x_wconf 82' lang='grc' dir='ltr'><strong><em>είρημένα</em></strong></span> <span class='ocrx_word' id='word_1_12' title='bbox 891 338 1216 428; x_wconf 76' lang='grc' dir='ltr'><strong><em>οἷφηγησόμενοτ,λ.(’</em></strong></span> <span class='ocrx_word' id='word_1_13' title='bbox 1230 350 1280 419; x_wconf 65' lang='grc'>443</span> 
     </span>
    </p>
   </div>
   <div class='ocr_carea' id='block_1_2' title="bbox 1154 421 1236 473">
    <p class='ocr_par' dir='ltr' id='par_1_2' title="bbox 1154 421 1236 473">
     <span class='ocr_line' id='line_1_3' title="bbox 1154 421 1236 473; baseline -0.024 0"><span class='ocrx_word' id='word_1_14' title='bbox 1154 421 1213 473; x_wconf 86' lang='lat' dir='ltr'>tud.</span> <span class='ocrx_word' id='word_1_15' title='bbox 1230 442 1236 471; x_wconf 87' lang='grc' dir='ltr'>ι</span> 
     </span>
    </p>
   </div>
   <div class='ocr_carea' id='block_1_3' title="bbox 0 428 1290 2702">
    <p class='ocr_par' dir='ltr' id='par_1_3' title="bbox 0 428 1290 2702">
     <span class='ocr_line' id='line_1_4' title="bbox 51 428 1290 558; baseline 0.01 -63"><span class='ocrx_word' id='word_1_16' title='bbox 51 436 109 516; x_wconf 76' lang='grc' dir='ltr'>τῆς</span> <span class='ocrx_word' id='word_1_17' title='bbox 127 428 288 497; x_wconf 72' lang='grc' dir='ltr'>ἐπανόδου</span> <span class='ocrx_word' id='word_1_18' title='bbox 309 428 485 516; x_wconf 74' lang='grc' dir='ltr'><strong><em>εἰχόμεθα.</em></strong></span> <span class='ocrx_word' id='word_1_19' title='bbox 526 432 569 511; x_wconf 86' lang='grc' dir='ltr'>σός</span> <span class='ocrx_word' id='word_1_20' title='bbox 590 436 626 500; x_wconf 79' lang='grc' dir='ltr'><strong><em>δὲ</em></strong></span> <span class='ocrx_word' id='word_1_21' title='bbox 647 438 681 511; x_wconf 84' lang='grc' dir='ltr'>ές</span> <span class='ocrx_word' id='word_1_22' title='bbox 700 436 761 521; x_wconf 80' lang='grc' dir='ltr'>τήν</span> <span class='ocrx_word' id='word_1_23' title='bbox 780 441 1025 506; x_wconf 68' lang='lat' dir='ltr'>Kosmas-rison</span> <span class='ocrx_word' id='word_1_24' title='bbox 1044 466 1245 545; x_wconf 50' lang='grc' dir='ltr'>παρτ-,ΠΜΙ</span> <span class='ocrx_word' id='word_1_25' title='bbox 1259 492 1290 558; x_wconf 53' lang='lat'>4¹</span> 
     </span>
     <span class='ocr_line' id='line_1_5' title="bbox 49 526 1252 628; baseline 0.01 -34"><span class='ocrx_word' id='word_1_26' title='bbox 49 527 230 615; x_wconf 73' lang='grc' dir='ltr'><strong><em>γενόμεθα,</em></strong></span> <span class='ocrx_word' id='word_1_27' title='bbox 250 536 510 619; x_wconf 81' lang='grc' dir='ltr'><strong><em>μεταβεβλῆσθαι</em></strong></span> <span class='ocrx_word' id='word_1_28' title='bbox 537 538 598 616; x_wconf 74' lang='grc' dir='ltr'>μέν</span> <span class='ocrx_word' id='word_1_29' title='bbox 626 534 759 625; x_wconf 75' lang='grc' dir='ltr'><strong><em>ιβόμεθα</em></strong></span> <span class='ocrx_word' id='word_1_30' title='bbox 779 536 835 603; x_wconf 90' lang='grc' dir='ltr'>τόν</span> <span class='ocrx_word' id='word_1_31' title='bbox 854 545 996 627; x_wconf 86' lang='grc' dir='ltr'><strong><em>Βέριχον</em></strong></span> <span class='ocrx_word' id='word_1_32' title='bbox 1014 545 1071 626; x_wconf 81' lang='grc' dir='ltr'>τῆς</span> <span class='ocrx_word' id='word_1_33' title='bbox 1090 537 1181 628; x_wconf 76' lang='lat' dir='ltr'>‹ip-c</span> <span class='ocrx_word' id='word_1_34' title='bbox 1246 526 1252 539; x_wconf 55' lang='lat'>⁸</span> 
     </span>
     <span class='ocr_line' id='line_1_6' title="bbox 49 627 1147 724; baseline 0.012 -30"><span class='ocrx_word' id='word_1_35' title='bbox 49 636 121 717; x_wconf 86' lang='grc' dir='ltr'><strong><em>γη”ς·</em></strong></span> <span class='ocrx_word' id='word_1_36' title='bbox 144 627 184 707; x_wconf 81' lang='grc' dir='ltr'>ὃς</span> <span class='ocrx_word' id='word_1_37' title='bbox 205 633 242 697; x_wconf 81' lang='grc' dir='ltr'><strong><em>δὲ</em></strong></span> <span class='ocrx_word' id='word_1_38' title='bbox 260 635 317 716; x_wconf 83' lang='grc' dir='ltr'>τῆς</span> <span class='ocrx_word' id='word_1_39' title='bbox 336 631 451 717; x_wconf 86' lang='grc' dir='ltr'><strong><em>α’γριόις</em></strong></span> <span class='ocrx_word' id='word_1_40' title='bbox 477 634 534 698; x_wconf 79' lang='lat' dir='ltr'>oda</span> <span class='ocrx_word' id='word_1_41' title='bbox 554 636 741 720; x_wconf 75' lang='grc' dir='ltr'><strong><em>ἐπελέληστο</em></strong></span> <span class='ocrx_word' id='word_1_42' title='bbox 761 636 907 724; x_wconf 79' lang='grc' dir='ltr'><strong><em>φύσεως,</em></strong></span> <span class='ocrx_word' id='word_1_43' title='bbox 929 642 1001 704; x_wconf 78' lang='grc' dir='ltr'><strong><em>αλλ’</em></strong></span> <span class='ocrx_word' id='word_1_44' title='bbox 1020 644 1054 717; x_wconf 73' lang='grc' dir='ltr'>ἐς</span> <span class='ocrx_word' id='word_1_45' title='bbox 1073 643 1147 707; x_wconf 87' lang='grc' dir='ltr'><strong><em>δια-</em></strong></span> 
     </span>
     <span class='ocr_line' id='line_1_7' title="bbox 33 728 1146 823; baseline 0.01 -29"><span class='ocrx_word' id='word_1_46' title='bbox 33 728 154 819; x_wconf 83' lang='grc' dir='ltr'><strong><em>5φορός</em></strong></span> <span class='ocrx_word' id='word_1_47' title='bbox 174 728 313 816; x_wconf 76' lang='grc' dir='ltr'><strong><em>ἕχοόρει,</em></strong></span> <span class='ocrx_word' id='word_1_48' title='bbox 333 732 391 797; x_wconf 71' lang='grc' dir='ltr'><strong><em>κατ’</em></strong></span> <span class='ocrx_word' id='word_1_49' title='bbox 404 734 444 823; x_wconf 79' lang='grc' dir='ltr'>Ιόν</span> <span class='ocrx_word' id='word_1_50' title='bbox 464 733 633 823; x_wconf 70' lang='grc' dir='ltr'><strong><em>κατηγορίᾳ</em></strong></span> <span class='ocrx_word' id='word_1_51' title='bbox 653 736 789 802; x_wconf 76' lang='grc' dir='ltr'><strong><em>ἐποιεῖτο</em></strong></span> <span class='ocrx_word' id='word_1_52' title='bbox 807 735 864 802; x_wconf 88' lang='grc' dir='ltr'>τόν</span> <span class='ocrx_word' id='word_1_53' title='bbox 884 743 1079 822; x_wconf 74' lang='grc' dir='ltr'><strong><em>Μαξιμῖνον,</em></strong></span> <span class='ocrx_word' id='word_1_54' title='bbox 1100 738 1146 817; x_wconf 83' lang='grc' dir='ltr'>σός</span> 
     </span>
     <span class='ocr_line' id='line_1_8' title="bbox 50 828 1147 921; baseline 0.011 -26"><span class='ocrx_word' id='word_1_55' title='bbox 50 828 171 916; x_wconf 80' lang='grc' dir='ltr'><strong><em>ἔφησεν</em></strong></span> <span class='ocrx_word' id='word_1_56' title='bbox 190 832 237 907; x_wconf 77' lang='grc' dir='ltr'>είς</span> <span class='ocrx_word' id='word_1_57' title='bbox 256 828 314 916; x_wconf 72' lang='grc' dir='ltr'>τὴν</span> <span class='ocrx_word' id='word_1_58' title='bbox 334 832 495 919; x_wconf 74' lang='grc' dir='ltr'><strong><em>Σκυθικὴν</em></strong></span> <span class='ocrx_word' id='word_1_59' title='bbox 513 833 630 917; x_wconf 79' lang='grc' dir='ltr'><strong><em>διαβὰς</em></strong></span> <span class='ocrx_word' id='word_1_60' title='bbox 652 834 709 901; x_wconf 90' lang='grc' dir='ltr'>τόν</span> <span class='ocrx_word' id='word_1_61' title='bbox 725 832 928 921; x_wconf 82' lang='grc' dir='ltr'><strong><em>Ἀρεόβινδον</em></strong></span> <span class='ocrx_word' id='word_1_62' title='bbox 948 840 1006 904; x_wconf 73' lang='grc' dir='ltr'><strong><em>κατ’</em></strong></span> <span class='ocrx_word' id='word_1_63' title='bbox 1022 833 1147 907; x_wconf 80' lang='grc' dir='ltr'><strong><em>τότ”Α-</em></strong></span> 
     </span>
     <span class='ocr_line' id='line_1_9' title="bbox 47 918 1149 1023; baseline 0.007 -28"><span class='ocrx_word' id='word_1_64' title='bbox 47 952 171 1015; x_wconf 84' lang='grc' dir='ltr'><strong><em>σπαρσ,</em></strong></span> <span class='ocrx_word' id='word_1_65' title='bbox 193 918 313 1017; x_wconf 82' lang='grc' dir='ltr'><strong><em>όνδρας</em></strong></span> <span class='ocrx_word' id='word_1_66' title='bbox 332 930 535 1017; x_wconf 81' lang='grc' dir='ltr'><strong><em>στρατηγοός,</em></strong></span> <span class='ocrx_word' id='word_1_67' title='bbox 549 935 709 1019; x_wconf 88' lang='grc' dir='ltr'><strong><em>μηδεμίαν</em></strong></span> <span class='ocrx_word' id='word_1_68' title='bbox 726 932 815 1022; x_wconf 84' lang='grc' dir='ltr'><strong><em>παροὶ</em></strong></span> <span class='ocrx_word' id='word_1_69' title='bbox 838 940 969 1019; x_wconf 71' lang='grc' dir='ltr'><strong><em>βασιλεῖ</em></strong></span> <span class='ocrx_word' id='word_1_70' title='bbox 977 936 1063 1023; x_wconf 82' lang='grc' dir='ltr'><strong><em>ἔχειν</em></strong></span> <span class='ocrx_word' id='word_1_71' title='bbox 1073 948 1149 1021; x_wconf 80' lang='grc' dir='ltr'><strong><em>μοῖ-</em></strong></span> 
     </span>
     <span class='ocr_line' id='line_1_10' title="bbox 47 1026 1148 1127; baseline 0.005 -34"><span class='ocrx_word' id='word_1_72' title='bbox 47 1054 121 1115; x_wconf 88' lang='grc' dir='ltr'><strong><em>ραν,</em></strong></span> <span class='ocrx_word' id='word_1_73' title='bbox 142 1030 200 1095; x_wconf 77' lang='grc' dir='ltr'>καί</span> <span class='ocrx_word' id='word_1_74' title='bbox 219 1026 262 1105; x_wconf 83' lang='grc' dir='ltr'>σός</span> <span class='ocrx_word' id='word_1_75' title='bbox 284 1034 319 1096; x_wconf 83' lang='grc' dir='ltr'>έν</span> <span class='ocrx_word' id='word_1_76' title='bbox 339 1030 493 1122; x_wconf 80' lang='grc' dir='ltr'><strong><em>όλιγονρίρι</em></strong></span> <span class='ocrx_word' id='word_1_77' title='bbox 510 1032 551 1099; x_wconf 85' lang='grc' dir='ltr'>τό</span> <span class='ocrx_word' id='word_1_78' title='bbox 573 1037 639 1099; x_wconf 87' lang='grc' dir='ltr'><strong><em>κατ’</em></strong></span> <span class='ocrx_word' id='word_1_79' title='bbox 649 1031 770 1110; x_wconf 84' lang='grc' dir='ltr'><strong><em>αότοός</em></strong></span> <span class='ocrx_word' id='word_1_80' title='bbox 792 1032 972 1122; x_wconf 72' lang='grc' dir='ltr'><strong><em>ἐποιήσατο,</em></strong></span> <span class='ocrx_word' id='word_1_81' title='bbox 995 1037 1054 1123; x_wconf 77' lang='grc' dir='ltr'>την</span> <span class='ocrx_word' id='word_1_82' title='bbox 1066 1044 1148 1127; x_wconf 89' lang='grc' dir='ltr'><strong><em>βαρ.</em></strong></span> 
     </span>
     <span class='ocr_line' id='line_1_11' title="bbox 46 1126 544 1218; baseline 0.014 -28"><span class='ocrx_word' id='word_1_83' title='bbox 46 1126 189 1215; x_wconf 76' lang='grc' dir='ltr'><strong><em>βαρικὴν</em></strong></span> <span class='ocrx_word' id='word_1_84' title='bbox 207 1132 334 1213; x_wconf 75' lang='grc' dir='ltr'>ἐλέγξας</span> <span class='ocrx_word' id='word_1_85' title='bbox 351 1131 544 1218; x_wconf 76' lang='grc' dir='ltr'><strong><em>κουφότητα.</em></strong></span> 
     </span>
     <span class='ocr_line' id='line_1_12' title="bbox 8 1226 1147 1323; baseline 0.007 -27"><span class='ocrx_word' id='word_1_86' title='bbox 8 1254 48 1299; x_wconf 86' lang='lat' dir='ltr'>xo</span> <span class='ocrx_word' id='word_1_87' title='bbox 133 1226 366 1309; x_wconf 82' lang='grc' dir='ltr'><strong><em>Ἀναζεόξαντα</em></strong></span> <span class='ocrx_word' id='word_1_88' title='bbox 394 1232 432 1295; x_wconf 78' lang='grc' dir='ltr'><strong><em>δὲ</em></strong></span> <span class='ocrx_word' id='word_1_89' title='bbox 461 1229 518 1297; x_wconf 91' lang='grc' dir='ltr'>τόν</span> <span class='ocrx_word' id='word_1_90' title='bbox 548 1231 687 1317; x_wconf 63' lang='lat' dir='ltr'>Rufrius</span> <span class='ocrx_word' id='word_1_91' title='bbox 713 1230 770 1298; x_wconf 76' lang='lat' dir='ltr'>soi</span> <span class='ocrx_word' id='word_1_92' title='bbox 791 1236 828 1301; x_wconf 74' lang='grc' dir='ltr'>ἐν</span> <span class='ocrx_word' id='word_1_93' title='bbox 847 1226 895 1311; x_wconf 81' lang='grc' dir='ltr'>οἷς</span> <span class='ocrx_word' id='word_1_94' title='bbox 915 1234 972 1302; x_wconf 88' lang='grc' dir='ltr'>τόν</span> <span class='ocrx_word' id='word_1_95' title='bbox 991 1234 1147 1323; x_wconf 78' lang='grc' dir='ltr'><strong><em>Ἀττήλαν</em></strong></span> 
     </span>
     <span class='ocr_line' id='line_1_13' title="bbox 44 1324 1148 1421; baseline 0.009 -29"><span class='ocrx_word' id='word_1_96' title='bbox 44 1324 159 1403; x_wconf 89' lang='grc' dir='ltr'><strong><em>τόποις</em></strong></span> <span class='ocrx_word' id='word_1_97' title='bbox 178 1330 353 1415; x_wconf 73' lang='grc' dir='ltr'><strong><em>διατρίβειν</em></strong></span> <span class='ocrx_word' id='word_1_98' title='bbox 384 1333 570 1414; x_wconf 76' lang='grc' dir='ltr'><strong><em>συνέβαινον</em></strong></span> <span class='ocrx_word' id='word_1_99' title='bbox 611 1328 809 1419; x_wconf 80' lang='grc' dir='ltr'><strong><em>όφικόμενον</em></strong></span> <span class='ocrx_word' id='word_1_100' title='bbox 838 1334 1041 1421; x_wconf 80' lang='grc' dir='ltr'><strong><em>περιστάντες</em></strong></span> <span class='ocrx_word' id='word_1_101' title='bbox 1062 1334 1148 1420; x_wconf 82' lang='grc' dir='ltr'><strong><em>εἶχον</em></strong></span> 
     </span>
     <span class='ocr_line' id='line_1_14' title="bbox 44 1426 1172 1519; baseline 0.009 -28"><span class='ocrx_word' id='word_1_102' title='bbox 44 1426 79 1492; x_wconf 80' lang='lat' dir='ltr'>oi</span> <span class='ocrx_word' id='word_1_103' title='bbox 98 1426 181 1513; x_wconf 86' lang='grc' dir='ltr'><strong><em>πρός</em></strong></span> <span class='ocrx_word' id='word_1_104' title='bbox 208 1430 303 1493; x_wconf 78' lang='grc' dir='ltr'><strong><em>τοῦτο</em></strong></span> <span class='ocrx_word' id='word_1_105' title='bbox 330 1434 625 1517; x_wconf 86' lang='grc' dir='ltr'><strong><em>παρεσκευασμένοι</em></strong></span> <span class='ocrx_word' id='word_1_106' title='bbox 645 1430 826 1519; x_wconf 76' lang='grc' dir='ltr'><strong><em>βάρβαροι,</em></strong></span> <span class='ocrx_word' id='word_1_107' title='bbox 846 1432 904 1499; x_wconf 80' lang='grc' dir='ltr'>καί</span> <span class='ocrx_word' id='word_1_108' title='bbox 920 1432 962 1499; x_wconf 87' lang='grc' dir='ltr'>τό</span> <span class='ocrx_word' id='word_1_109' title='bbox 980 1434 1172 1519; x_wconf 78' lang='grc' dir='ltr'><strong><em>χρήματα,ι)</em></strong></span> 
     </span>
     <span class='ocr_line' id='line_1_15' title="bbox 41 1520 1148 1617; baseline 0.007 -26"><span class='ocrx_word' id='word_1_110' title='bbox 41 1520 128 1611; x_wconf 75' lang='grc' dir='ltr'><strong><em>ἅπερ</em></strong></span> <span class='ocrx_word' id='word_1_111' title='bbox 149 1528 195 1614; x_wconf 78' lang='grc' dir='ltr'>τῷ</span> <span class='ocrx_word' id='word_1_112' title='bbox 211 1526 356 1593; x_wconf 71' lang='lat' dir='ltr'>’Edissere</span> <span class='ocrx_word' id='word_1_113' title='bbox 373 1530 529 1611; x_wconf 76' lang='grc' dir='ltr'><strong><em>ἐκόμιζεν,</em></strong></span> <span class='ocrx_word' id='word_1_114' title='bbox 546 1524 729 1617; x_wconf 79' lang='grc' dir='ltr'><strong><em>όφειλοντο.</em></strong></span> <span class='ocrx_word' id='word_1_115' title='bbox 774 1531 866 1607; x_wconf 64' lang='lat' dir='ltr'>oete</span> <span class='ocrx_word' id='word_1_116' title='bbox 886 1535 944 1598; x_wconf 78' lang='grc' dir='ltr'>καί</span> <span class='ocrx_word' id='word_1_117' title='bbox 966 1531 1064 1599; x_wconf 82' lang='grc' dir='ltr'><strong><em>αότόν</em></strong></span> <span class='ocrx_word' id='word_1_118' title='bbox 1084 1561 1148 1599; x_wconf 86' lang='grc' dir='ltr'>πα-</span> 
     </span>
     <span class='ocr_line' id='line_1_16' title="bbox 42 1618 1148 1718; baseline 0.01 -28"><span class='ocrx_word' id='word_1_119' title='bbox 42 1622 87 1710; x_wconf 81' lang='grc' dir='ltr'><strong>ρυὶ</strong></span> <span class='ocrx_word' id='word_1_120' title='bbox 112 1624 173 1690; x_wconf 90' lang='grc' dir='ltr'>τόν</span> <span class='ocrx_word' id='word_1_121' title='bbox 203 1618 360 1713; x_wconf 59' lang='lat' dir='ltr'>:sotto</span> <span class='ocrx_word' id='word_1_122' title='bbox 390 1620 483 1713; x_wconf 79' lang='grc' dir='ltr'><strong><em>ἦγον,</em></strong></span> <span class='ocrx_word' id='word_1_123' title='bbox 513 1629 568 1694; x_wconf 81' lang='grc' dir='ltr'>καῖ</span> <span class='ocrx_word' id='word_1_124' title='bbox 588 1633 771 1716; x_wconf 81' lang='grc' dir='ltr'><strong><em>δνηρωτοῖτο</em></strong></span> <span class='ocrx_word' id='word_1_125' title='bbox 790 1624 864 1697; x_wconf 87' lang='grc' dir='ltr'><strong><em>ότου</em></strong></span> <span class='ocrx_word' id='word_1_126' title='bbox 883 1633 983 1718; x_wconf 80' lang='grc' dir='ltr'><strong><em>χάριν</em></strong></span> <span class='ocrx_word' id='word_1_127' title='bbox 1000 1637 1148 1701; x_wconf 80' lang='grc' dir='ltr'><strong><em>τοσοῦτον</em></strong></span> 
     </span>
     <span class='ocr_line' id='line_1_17' title="bbox 4 1724 1150 1818; baseline 0.006 -28"><span class='ocrx_word' id='word_1_128' title='bbox 4 1725 145 1813; x_wconf 66' lang='grc' dir='ltr'><strong><em>ηεφέροι</em></strong></span> <span class='ocrx_word' id='word_1_129' title='bbox 164 1727 319 1812; x_wconf 88' lang='grc' dir='ltr'><strong><em>χρυσίον,</em></strong></span> <span class='ocrx_word' id='word_1_130' title='bbox 340 1724 403 1815; x_wconf 82' lang='grc' dir='ltr'>ἔφη</span> <span class='ocrx_word' id='word_1_131' title='bbox 424 1731 542 1803; x_wconf 77' lang='grc' dir='ltr'><strong><em>οἰκείοις</em></strong></span> <span class='ocrx_word' id='word_1_132' title='bbox 560 1752 597 1793; x_wconf 85' lang='grc' dir='ltr'>τε</span> <span class='ocrx_word' id='word_1_133' title='bbox 617 1728 675 1794; x_wconf 72' lang='grc' dir='ltr'><strong><em>κατ’</em></strong></span> <span class='ocrx_word' id='word_1_134' title='bbox 691 1734 756 1795; x_wconf 76' lang='grc' dir='ltr'><strong><em>τοῖν</em></strong></span> <span class='ocrx_word' id='word_1_135' title='bbox 774 1734 1002 1816; x_wconf 75' lang='grc' dir='ltr'><strong><em>παρεπομένων</em></strong></span> <span class='ocrx_word' id='word_1_136' title='bbox 1020 1732 1150 1818; x_wconf 66' lang='grc' dir='ltr'><strong><em>προνοί</em></strong></span> 
     </span>
     <span class='ocr_line' id='line_1_18' title="bbox 38 1819 1152 1915; baseline 0.004 -24"><span class='ocrx_word' id='word_1_137' title='bbox 38 1850 83 1902; x_wconf 87' lang='grc' dir='ltr'><strong><em>ας</em></strong></span> <span class='ocrx_word' id='word_1_138' title='bbox 116 1826 233 1907; x_wconf 75' lang='grc' dir='ltr'><strong><em>ἕνεκα,</em></strong></span> <span class='ocrx_word' id='word_1_139' title='bbox 263 1819 344 1891; x_wconf 76' lang='lat' dir='ltr'>aiore</span> <span class='ocrx_word' id='word_1_140' title='bbox 363 1824 407 1912; x_wconf 72' lang='grc' dir='ltr'>μὴ</span> <span class='ocrx_word' id='word_1_141' title='bbox 431 1828 535 1915; x_wconf 79' lang='grc' dir='ltr'><strong><em>ε’νδείφ</em></strong></span> <span class='ocrx_word' id='word_1_142' title='bbox 555 1832 686 1915; x_wconf 74' lang='grc' dir='ltr'><strong><em>τροφῶν</em></strong></span> <span class='ocrx_word' id='word_1_143' title='bbox 716 1824 739 1913; x_wconf 81' lang='grc' dir='ltr'><em>ἢ</em></span> <span class='ocrx_word' id='word_1_144' title='bbox 765 1832 871 1895; x_wconf 82' lang='grc' dir='ltr'><strong><em>δππονν</em></strong></span> <span class='ocrx_word' id='word_1_145' title='bbox 898 1829 1030 1912; x_wconf 78' lang='lat' dir='ltr'>enaim,</span> <span class='ocrx_word' id='word_1_146' title='bbox 1052 1826 1075 1915; x_wconf 81' lang='grc' dir='ltr'><em>ἢ</em></span> <span class='ocrx_word' id='word_1_147' title='bbox 1094 1834 1152 1896; x_wconf 75' lang='grc' dir='ltr'>καί</span> 
     </span>
     <span class='ocr_line' id='line_1_19' title="bbox 35 1924 1150 2016; baseline 0.005 -25"><span class='ocrx_word' id='word_1_148' title='bbox 35 1926 111 1991; x_wconf 82' lang='grc' dir='ltr'><strong><em>τεόν</em></strong></span> <span class='ocrx_word' id='word_1_149' title='bbox 144 1928 314 2011; x_wconf 74' lang='grc' dir='ltr'><strong><em>φορτηγῶν</em></strong></span> <span class='ocrx_word' id='word_1_150' title='bbox 337 1926 518 2012; x_wconf 75' lang='grc' dir='ltr'><strong><em>ὑποζυγίων</em></strong></span> <span class='ocrx_word' id='word_1_151' title='bbox 554 1924 617 1992; x_wconf 78' lang='lat' dir='ltr'>dud</span> <span class='ocrx_word' id='word_1_152' title='bbox 640 1932 697 2013; x_wconf 76' lang='grc' dir='ltr'>τῆς</span> <span class='ocrx_word' id='word_1_153' title='bbox 715 1933 843 2014; x_wconf 79' lang='grc' dir='ltr'><strong><em>μακρᾶς</em></strong></span> <span class='ocrx_word' id='word_1_154' title='bbox 864 1931 1150 2016; x_wconf 75' lang='grc' dir='ltr'><strong><em>ἐκδαπανηθέντονν</em></strong></span> 
     </span>
     <span class='ocr_line' id='line_1_20' title="bbox 35 2024 1150 2114; baseline 0.004 -25"><span class='ocrx_word' id='word_1_155' title='bbox 35 2024 146 2106; x_wconf 69' lang='lat' dir='ltr'>otoo,</span> <span class='ocrx_word' id='word_1_156' title='bbox 165 2026 356 2109; x_wconf 76' lang='grc' dir='ltr'><strong><em>διαμαρτεῖν</em></strong></span> <span class='ocrx_word' id='word_1_157' title='bbox 387 2027 442 2111; x_wconf 81' lang='grc' dir='ltr'>τῆς</span> <span class='ocrx_word' id='word_1_158' title='bbox 471 2024 619 2113; x_wconf 74' lang='grc' dir='ltr'><strong><em>περὶτῆς</em></strong></span> <span class='ocrx_word' id='word_1_159' title='bbox 648 2028 823 2113; x_wconf 79' lang='grc' dir='ltr'><strong><em>πρεσβείας</em></strong></span> <span class='ocrx_word' id='word_1_160' title='bbox 843 2030 1007 2114; x_wconf 79' lang='grc' dir='ltr'><strong><em>σπουδῆς·</em></strong></span> <span class='ocrx_word' id='word_1_161' title='bbox 1047 2052 1150 2114; x_wconf 86' lang='grc' dir='ltr'><strong><em>παρε-</em></strong></span> 
     </span>
     <span class='ocr_line' id='line_1_21' title="bbox 33 2124 1148 2215; baseline 0.002 -24"><span class='ocrx_word' id='word_1_162' title='bbox 33 2124 228 2191; x_wconf 79' lang='grc' dir='ltr'><strong><em>σκευάσθαι</em></strong></span> <span class='ocrx_word' id='word_1_163' title='bbox 248 2127 285 2190; x_wconf 79' lang='grc' dir='ltr'><strong><em>δὲ</em></strong></span> <span class='ocrx_word' id='word_1_164' title='bbox 314 2125 404 2215; x_wconf 68' lang='lat' dir='ltr'>adrui</span> <span class='ocrx_word' id='word_1_165' title='bbox 425 2129 480 2192; x_wconf 77' lang='lat' dir='ltr'>sui</span> <span class='ocrx_word' id='word_1_166' title='bbox 499 2128 532 2203; x_wconf 76' lang='grc' dir='ltr'>ἐς</span> <span class='ocrx_word' id='word_1_167' title='bbox 563 2126 778 2209; x_wconf 81' lang='grc' dir='ltr'><strong><em>αἰχμαλοότοον</em></strong></span> <span class='ocrx_word' id='word_1_168' title='bbox 798 2126 900 2213; x_wconf 74' lang='grc' dir='ltr'><strong><em>ω’νὴν,</em></strong></span> <span class='ocrx_word' id='word_1_169' title='bbox 920 2131 1045 2194; x_wconf 79' lang='grc' dir='ltr'><strong><em>πολλόν</em></strong></span> <span class='ocrx_word' id='word_1_170' title='bbox 1064 2126 1148 2193; x_wconf 74' lang='grc' dir='ltr'><strong><em>κατὰ</em></strong></span> 
     </span>
     <span class='ocr_line' id='line_1_22' title="bbox 0 2222 1149 2314; baseline 0 -23"><span class='ocrx_word' id='word_1_171' title='bbox 0 2222 100 2310; x_wconf 73' lang='grc' dir='ltr'><strong><em>στῆν</em></strong></span> <span class='ocrx_word' id='word_1_172' title='bbox 121 2222 291 2304; x_wconf 82' lang='grc' dir='ltr'><strong><em>Ῥωμαίων</em></strong></span> <span class='ocrx_word' id='word_1_173' title='bbox 327 2228 505 2309; x_wconf 78' lang='grc' dir='ltr'><strong><em>δεηθέντων</em></strong></span> <span class='ocrx_word' id='word_1_174' title='bbox 536 2226 654 2309; x_wconf 68' lang='lat' dir='ltr'>adrui,</span> <span class='ocrx_word' id='word_1_175' title='bbox 688 2226 763 2303; x_wconf 88' lang='grc' dir='ltr'><strong><em>τοός</em></strong></span> <span class='ocrx_word' id='word_1_176' title='bbox 794 2251 890 2314; x_wconf 93' lang='grc' dir='ltr'><strong><em>σφισι</em></strong></span> <span class='ocrx_word' id='word_1_177' title='bbox 930 2223 1149 2313; x_wconf 73' lang='grc' dir='ltr'><strong><em>προσήκοντας</em></strong></span> 
     </span>
     <span class='ocr_line' id='line_1_23' title="bbox 32 2318 1147 2411; baseline -0.002 -22"><span class='ocrx_word' id='word_1_178' title='bbox 32 2320 229 2391; x_wconf 72' lang='grc' dir='ltr'><strong><em>λύσασθαι·</em></strong></span> <span class='ocrx_word' id='word_1_179' title='bbox 269 2322 325 2388; x_wconf 85' lang='grc' dir='ltr'>καὶ</span> <span class='ocrx_word' id='word_1_180' title='bbox 343 2322 362 2387; x_wconf 88' lang='grc' dir='ltr'><strong><em>δ</em></strong></span> <span class='ocrx_word' id='word_1_181' title='bbox 381 2320 544 2409; x_wconf 57' lang='lat' dir='ltr'>’Anteae</span> <span class='ocrx_word' id='word_1_182' title='bbox 562 2326 654 2408; x_wconf 80' lang='lat' dir='ltr'>„dtt’</span> <span class='ocrx_word' id='word_1_183' title='bbox 677 2318 799 2407; x_wconf 80' lang='grc' dir='ltr'><strong><em>οότοι,”</em></strong></span> <span class='ocrx_word' id='word_1_184' title='bbox 821 2324 903 2411; x_wconf 85' lang='grc' dir='ltr'><strong><em>ἔφη,</em></strong></span> <span class='ocrx_word' id='word_1_185' title='bbox 923 2322 987 2406; x_wconf 83' lang='lat' dir='ltr'>„osi</span> <span class='ocrx_word' id='word_1_186' title='bbox 1009 2322 1147 2409; x_wconf 84' lang='grc' dir='ltr'><strong><em>πονηρόν</em></strong></span> 
     </span>
     <span class='ocr_line' id='line_1_24' title="bbox 28 2419 1262 2510; baseline -0.001 -22"><span class='ocrx_word' id='word_1_187' title='bbox 28 2424 192 2508; x_wconf 69' lang='grc' dir='ltr'><strong><em>θηριον,”</em></strong></span> <span class='ocrx_word' id='word_1_188' title='bbox 210 2420 267 2488; x_wconf 89' lang='grc' dir='ltr'>τόν</span> <span class='ocrx_word' id='word_1_189' title='bbox 285 2421 423 2507; x_wconf 79' lang='grc' dir='ltr'><strong><em>Βιγιλυν</em></strong></span> <span class='ocrx_word' id='word_1_190' title='bbox 443 2426 550 2507; x_wconf 83' lang='grc' dir='ltr'><strong><em>λέγων,</em></strong></span> <span class='ocrx_word' id='word_1_191' title='bbox 574 2424 660 2510; x_wconf 67' lang='grc' dir='ltr'><strong><em>,μὴν</em></strong></span> <span class='ocrx_word' id='word_1_192' title='bbox 679 2428 771 2509; x_wconf 89' lang='grc' dir='ltr'><strong><em>δίκην</em></strong></span> <span class='ocrx_word' id='word_1_193' title='bbox 789 2420 998 2509; x_wconf 85' lang='grc' dir='ltr'><strong><em>σοφιζόμενος</em></strong></span> <span class='ocrx_word' id='word_1_194' title='bbox 1015 2419 1140 2509; x_wconf 74' lang='grc' dir='ltr'><strong><em>λήσεις,</em></strong></span> <span class='ocrx_word' id='word_1_195' title='bbox 1152 2437 1217 2506; x_wconf 81' lang='grc' dir='ltr'><strong><em>Ρ.γι</em></strong></span> <span class='ocrx_word' id='word_1_196' title='bbox 1259 2482 1262 2487; x_wconf 92' lang='grc'><em>.</em></span> 
     </span>
     <span class='ocr_line' id='line_1_25' title="bbox 29 2518 1145 2610; baseline 0.002 -24"><span class='ocrx_word' id='word_1_197' title='bbox 29 2522 122 2588; x_wconf 79' lang='grc' dir='ltr'><strong><em>οὐδὲ</em></strong></span> <span class='ocrx_word' id='word_1_198' title='bbox 142 2518 237 2587; x_wconf 80' lang='grc' dir='ltr'><strong><em>ἔσται</em></strong></span> <span class='ocrx_word' id='word_1_199' title='bbox 256 2544 305 2588; x_wconf 90' lang='grc' dir='ltr'>σοι</span> <span class='ocrx_word' id='word_1_200' title='bbox 318 2521 482 2610; x_wconf 90' lang='grc' dir='ltr'><strong><em>πρόφασις</em></strong></span> <span class='ocrx_word' id='word_1_201' title='bbox 498 2522 590 2608; x_wconf 73' lang='grc' dir='ltr'><strong><em>ἱκανή</em></strong></span> <span class='ocrx_word' id='word_1_202' title='bbox 613 2527 666 2601; x_wconf 83' lang='grc' dir='ltr'>εἰς</span> <span class='ocrx_word' id='word_1_203' title='bbox 679 2522 716 2590; x_wconf 91' lang='grc' dir='ltr'>τό</span> <span class='ocrx_word' id='word_1_204' title='bbox 735 2522 793 2610; x_wconf 76' lang='grc' dir='ltr'>την</span> <span class='ocrx_word' id='word_1_205' title='bbox 812 2521 945 2589; x_wconf 82' lang='grc' dir='ltr'><strong><em>κόλασιν</em></strong></span> <span class='ocrx_word' id='word_1_206' title='bbox 964 2524 1145 2610; x_wconf 81' lang='grc' dir='ltr'><strong><em>διαφυγεῖν,</em></strong></span> 
     </span>
     <span class='ocr_line' id='line_1_26' title="bbox 113 2614 1145 2702; baseline 0.002 -23"><span class='ocrx_word' id='word_1_207' title='bbox 113 2626 142 2679; x_wconf 85' lang='lat'>6.</span> <span class='ocrx_word' id='word_1_208' title='bbox 162 2622 358 2697; x_wconf 79' lang='grc' dir='ltr'><strong><em>’Λρεδμινδον</em></strong></span> <span class='ocrx_word' id='word_1_209' title='bbox 375 2632 404 2677; x_wconf 88' lang='lat' dir='ltr'>et</span> <span class='ocrx_word' id='word_1_210' title='bbox 424 2644 465 2682; x_wconf 89' lang='lat' dir='ltr'>rr.</span> <span class='ocrx_word' id='word_1_211' title='bbox 486 2614 635 2699; x_wconf 75' lang='grc' dir='ltr'><strong><em>διατριβόν</em></strong></span> <span class='ocrx_word' id='word_1_212' title='bbox 652 2628 726 2702; x_wconf 78' lang='lat' dir='ltr'>vulg.</span> <span class='ocrx_word' id='word_1_213' title='bbox 788 2645 829 2685; x_wconf 89' lang='lat' dir='ltr'>rr.</span> <span class='ocrx_word' id='word_1_214' title='bbox 847 2633 985 2697; x_wconf 75' lang='grc' dir='ltr'><strong><em>συνεῖχον</em></strong></span> <span class='ocrx_word' id='word_1_215' title='bbox 998 2626 1031 2681; x_wconf 87' lang='grc' dir='ltr'>Ν.</span> <span class='ocrx_word' id='word_1_216' title='bbox 1102 2644 1145 2683; x_wconf 84' lang='lat' dir='ltr'>aa.</span> 
     </span>
    </p>
   </div>
   <div class='ocr_carea' id='block_1_4' title="bbox 112 2695 486 2767">
    <p class='ocr_par' dir='ltr' id='par_1_4' title="bbox 112 2695 486 2767">
     <span class='ocr_line' id='line_1_27' title="bbox 112 2695 486 2767; baseline 0.005 -21"><span class='ocrx_word' id='word_1_217' title='bbox 112 2696 212 2761; x_wconf 65' lang='grc' dir='ltr'><strong><em>λήσεις</em></strong></span> <span class='ocrx_word' id='word_1_218' title='bbox 232 2698 278 2761; x_wconf 73' lang='lat' dir='ltr'>a,</span> <span class='ocrx_word' id='word_1_219' title='bbox 299 2695 396 2755; x_wconf 78' lang='grc' dir='ltr'><strong><em>λύσεις</em></strong></span> <span class='ocrx_word' id='word_1_220' title='bbox 414 2696 486 2767; x_wconf 79' lang='lat' dir='ltr'>vulg.</span> 
     </span>
    </p>
   </div>
   <div class='ocr_carea' id='block_1_5' title="bbox 11 2782 1146 4137">
    <p class='ocr_par' dir='ltr' id='par_1_5' title="bbox 21 2782 1146 3283">
     <span class='ocr_line' id='line_1_28' title="bbox 26 2782 1145 2855; baseline -0.002 -16"><span class='ocrx_word' id='word_1_221' title='bbox 26 2792 166 2840; x_wconf 84' lang='lat' dir='ltr'>nostram</span> <span class='ocrx_word' id='word_1_222' title='bbox 184 2782 378 2855; x_wconf 73' lang='lat' dir='ltr'><strong>responderat,</strong></span> <span class='ocrx_word' id='word_1_223' title='bbox 404 2790 532 2853; x_wconf 85' lang='lat' dir='ltr'>coeptum</span> <span class='ocrx_word' id='word_1_224' title='bbox 549 2786 604 2838; x_wconf 85' lang='lat' dir='ltr'>iter</span> <span class='ocrx_word' id='word_1_225' title='bbox 621 2784 850 2840; x_wconf 81' lang='lat' dir='ltr'>continuavimus.</span> <span class='ocrx_word' id='word_1_226' title='bbox 897 2784 935 2839; x_wconf 81' lang='lat' dir='ltr'>Ut</span> <span class='ocrx_word' id='word_1_227' title='bbox 947 2782 1145 2837; x_wconf 80' lang='lat' dir='ltr'>Constantino-</span> 
     </span>
     <span class='ocr_line' id='line_1_29' title="bbox 24 2854 1146 2927; baseline 0 -18"><span class='ocrx_word' id='word_1_228' title='bbox 24 2858 130 2927; x_wconf 87' lang='lat' dir='ltr'>polim</span> <span class='ocrx_word' id='word_1_229' title='bbox 149 2854 295 2919; x_wconf 80' lang='lat' dir='ltr'>venimus,</span> <span class='ocrx_word' id='word_1_230' title='bbox 327 2854 472 2907; x_wconf 86' lang='lat' dir='ltr'>Beriehum</span> <span class='ocrx_word' id='word_1_231' title='bbox 491 2855 715 2907; x_wconf 65' lang='lat' dir='ltr'>existimabamus</span> <span class='ocrx_word' id='word_1_232' title='bbox 730 2855 800 2907; x_wconf 86' lang='lat' dir='ltr'>iram</span> <span class='ocrx_word' id='word_1_233' title='bbox 818 2854 970 2921; x_wconf 70' lang='lat' dir='ltr'>abiecisse,</span> <span class='ocrx_word' id='word_1_234' title='bbox 997 2856 1047 2907; x_wconf 88' lang='lat' dir='ltr'>sed</span> <span class='ocrx_word' id='word_1_235' title='bbox 1064 2872 1146 2926; x_wconf 78' lang='lat' dir='ltr'>agre·</span> 
     </span>
     <span class='ocr_line' id='line_1_30' title="bbox 24 2925 1144 2981; baseline -0.004 0"><span class='ocrx_word' id='word_1_236' title='bbox 24 2932 81 2981; x_wconf 81' lang='lat' dir='ltr'>rtis</span> <span class='ocrx_word' id='word_1_237' title='bbox 114 2933 147 2979; x_wconf 87' lang='lat' dir='ltr'>ct</span> <span class='ocrx_word' id='word_1_238' title='bbox 175 2926 250 2977; x_wconf 83' lang='lat' dir='ltr'>serae</span> <span class='ocrx_word' id='word_1_239' title='bbox 268 2940 334 2979; x_wconf 87' lang='lat' dir='ltr'>suae</span> <span class='ocrx_word' id='word_1_240' title='bbox 353 2933 468 2979; x_wconf 82' lang='lat' dir='ltr'>naturae</span> <span class='ocrx_word' id='word_1_241' title='bbox 486 2926 598 2978; x_wconf 86' lang='lat' dir='ltr'>minime</span> <span class='ocrx_word' id='word_1_242' title='bbox 614 2936 655 2979; x_wconf 87' lang='lat' dir='ltr'>est</span> <span class='ocrx_word' id='word_1_243' title='bbox 670 2926 784 2977; x_wconf 83' lang='lat' dir='ltr'>oblitus.</span> <span class='ocrx_word' id='word_1_244' title='bbox 819 2925 889 2977; x_wconf 83' lang='lat' dir='ltr'>Nam</span> <span class='ocrx_word' id='word_1_245' title='bbox 898 2925 1081 2978; x_wconf 77' lang='lat' dir='ltr'>Maximinum</span> <span class='ocrx_word' id='word_1_246' title='bbox 1097 2927 1144 2978; x_wconf 53' lang='lat' dir='ltr'>in*</span> 
     </span>
     <span class='ocr_line' id='line_1_31' title="bbox 23 2995 1143 3067; baseline -0.001 -18"><span class='ocrx_word' id='word_1_247' title='bbox 23 2996 187 3053; x_wconf 80' lang='lat' dir='ltr'>simulavit</span> <span class='ocrx_word' id='word_1_248' title='bbox 203 2995 319 3060; x_wconf 89' lang='lat' dir='ltr'>dixisse,</span> <span class='ocrx_word' id='word_1_249' title='bbox 337 3012 424 3065; x_wconf 89' lang='lat' dir='ltr'>quum</span> <span class='ocrx_word' id='word_1_250' title='bbox 441 2998 472 3049; x_wconf 91' lang='lat' dir='ltr'>iu</span> <span class='ocrx_word' id='word_1_251' title='bbox 486 2996 623 3064; x_wconf 78' lang='lat' dir='ltr'>Scythiam</span> <span class='ocrx_word' id='word_1_252' title='bbox 640 2997 803 3060; x_wconf 71' lang='lat' dir='ltr'>transiisset,</span> <span class='ocrx_word' id='word_1_253' title='bbox 819 2996 972 3049; x_wconf 78' lang='lat' dir='ltr'>Areobiudi</span> <span class='ocrx_word' id='word_1_254' title='bbox 981 3004 1011 3049; x_wconf 92' lang='lat' dir='ltr'>et</span> <span class='ocrx_word' id='word_1_255' title='bbox 1021 2999 1143 3067; x_wconf 80' lang='lat' dir='ltr'>Asparis,</span> 
     </span>
     <span class='ocr_line' id='line_1_32' title="bbox 24 3066 1143 3137; baseline -0.005 -14"><span class='ocrx_word' id='word_1_256' title='bbox 24 3070 216 3123; x_wconf 78' lang='lat' dir='ltr'>exercituum</span> <span class='ocrx_word' id='word_1_257' title='bbox 227 3067 335 3130; x_wconf 90' lang='lat' dir='ltr'>dueum,</span> <span class='ocrx_word' id='word_1_258' title='bbox 354 3068 547 3133; x_wconf 81' lang='lat' dir='ltr'>auctoritatem</span> <span class='ocrx_word' id='word_1_259' title='bbox 565 3066 640 3136; x_wconf 85' lang='lat' dir='ltr'>apud</span> <span class='ocrx_word' id='word_1_260' title='bbox 652 3069 849 3137; x_wconf 85' lang='lat' dir='ltr'>Imperatorem</span> <span class='ocrx_word' id='word_1_261' title='bbox 866 3066 971 3119; x_wconf 87' lang='lat' dir='ltr'>nullius</span> <span class='ocrx_word' id='word_1_262' title='bbox 989 3083 1049 3119; x_wconf 88' lang='lat' dir='ltr'>esse</span> <span class='ocrx_word' id='word_1_263' title='bbox 1067 3083 1143 3136; x_wconf 87' lang='lat' dir='ltr'>pon-</span> 
     </span>
     <span class='ocr_line' id='line_1_33' title="bbox 23 3137 1140 3204; baseline -0.003 -12"><span class='ocrx_word' id='word_1_264' title='bbox 23 3142 130 3204; x_wconf 87' lang='lat' dir='ltr'>deris,</span> <span class='ocrx_word' id='word_1_265' title='bbox 150 3146 182 3191; x_wconf 91' lang='lat' dir='ltr'>et</span> <span class='ocrx_word' id='word_1_266' title='bbox 201 3155 263 3191; x_wconf 85' lang='lat' dir='ltr'>oum</span> <span class='ocrx_word' id='word_1_267' title='bbox 281 3137 459 3191; x_wconf 86' lang='lat' dir='ltr'>barbarorum</span> <span class='ocrx_word' id='word_1_268' title='bbox 476 3139 615 3191; x_wconf 82' lang='lat' dir='ltr'>levitatem</span> <span class='ocrx_word' id='word_1_269' title='bbox 630 3146 658 3194; x_wconf 92' lang='lat' dir='ltr'>et</span> <span class='ocrx_word' id='word_1_270' title='bbox 672 3138 1027 3202; x_wconf 77' lang='lat' dir='ltr'>inconstantiamnotnsset,</span> <span class='ocrx_word' id='word_1_271' title='bbox 1044 3154 1140 3190; x_wconf 85' lang='lat' dir='ltr'>eornm</span> 
     </span>
     <span class='ocr_line' id='line_1_34' title="bbox 21 3207 531 3283; baseline -0.008 -18"><span class='ocrx_word' id='word_1_272' title='bbox 21 3222 111 3283; x_wconf 76' lang='lat' dir='ltr'>gesta</span> <span class='ocrx_word' id='word_1_273' title='bbox 135 3210 168 3261; x_wconf 89' lang='lat' dir='ltr'>in</span> <span class='ocrx_word' id='word_1_274' title='bbox 190 3208 267 3261; x_wconf 88' lang='lat' dir='ltr'>nullo</span> <span class='ocrx_word' id='word_1_275' title='bbox 306 3210 375 3261; x_wconf 89' lang='lat' dir='ltr'>retio</span> <span class='ocrx_word' id='word_1_276' title='bbox 393 3207 531 3261; x_wconf 82' lang='lat' dir='ltr'>habuisse.</span> 
     </span>
    </p>

    <p class='ocr_par' dir='ltr' id='par_1_6' title="bbox 11 3227 1140 4137">
     <span class='ocr_line' id='line_1_35' title="bbox 105 3227 1137 3350; baseline -0.002 -20"><span class='ocrx_word' id='word_1_277' title='bbox 105 3280 263 3331; x_wconf 79' lang='lat' dir='ltr'>Reversum</span> <span class='ocrx_word' id='word_1_278' title='bbox 281 3227 411 3349; x_wconf 72' lang='lat' dir='ltr'>digiiam,</span> <span class='ocrx_word' id='word_1_279' title='bbox 436 3295 521 3350; x_wconf 87' lang='lat' dir='ltr'>quum</span> <span class='ocrx_word' id='word_1_280' title='bbox 539 3279 570 3329; x_wconf 89' lang='lat' dir='ltr'>in</span> <span class='ocrx_word' id='word_1_281' title='bbox 588 3280 622 3331; x_wconf 91' lang='lat' dir='ltr'>iis</span> <span class='ocrx_word' id='word_1_282' title='bbox 641 3279 711 3332; x_wconf 88' lang='lat' dir='ltr'>iocis</span> <span class='ocrx_word' id='word_1_283' title='bbox 728 3278 898 3342; x_wconf 79' lang='lat' dir='ltr'>advenisset,</span> <span class='ocrx_word' id='word_1_284' title='bbox 915 3279 966 3332; x_wconf 92' lang='lat' dir='ltr'>ubi</span> <span class='ocrx_word' id='word_1_285' title='bbox 985 3286 1044 3330; x_wconf 90' lang='lat' dir='ltr'>tum</span> <span class='ocrx_word' id='word_1_286' title='bbox 1062 3277 1137 3329; x_wconf 77' lang='lat' dir='ltr'>Atti·</span> 
     </span>
     <span class='ocr_line' id='line_1_36' title="bbox 19 3347 1140 3420; baseline -0.006 -14"><span class='ocrx_word' id='word_1_287' title='bbox 19 3356 65 3406; x_wconf 88' lang='lat' dir='ltr'>las</span> <span class='ocrx_word' id='word_1_288' title='bbox 88 3347 343 3413; x_wconf 84' lang='lat' dir='ltr'>commorabatur,</span> <span class='ocrx_word' id='word_1_289' title='bbox 372 3353 577 3404; x_wconf 85' lang='lat' dir='ltr'>circumstantes</span> <span class='ocrx_word' id='word_1_290' title='bbox 601 3349 713 3402; x_wconf 86' lang='lat' dir='ltr'>barbari</span> <span class='ocrx_word' id='word_1_291' title='bbox 732 3349 814 3403; x_wconf 87' lang='lat' dir='ltr'>adid</span> <span class='ocrx_word' id='word_1_292' title='bbox 832 3350 989 3420; x_wconf 85' lang='lat' dir='ltr'>praeparati</span> <span class='ocrx_word' id='word_1_293' title='bbox 1014 3362 1140 3415; x_wconf 86' lang='lat' dir='ltr'>eompre-</span> 
     </span>
     <span class='ocr_line' id='line_1_37' title="bbox 17 3418 1138 3491; baseline -0.006 -14"><span class='ocrx_word' id='word_1_294' title='bbox 17 3422 219 3483; x_wconf 85' lang='lat' dir='ltr'>henderunt,</span> <span class='ocrx_word' id='word_1_295' title='bbox 238 3430 267 3474; x_wconf 88' lang='lat' dir='ltr'>et</span> <span class='ocrx_word' id='word_1_296' title='bbox 281 3438 377 3473; x_wconf 86' lang='lat' dir='ltr'>manus</span> <span class='ocrx_word' id='word_1_297' title='bbox 397 3423 428 3472; x_wconf 89' lang='lat' dir='ltr'>in</span> <span class='ocrx_word' id='word_1_298' title='bbox 445 3422 592 3489; x_wconf 87' lang='lat' dir='ltr'>pecunias,</span> <span class='ocrx_word' id='word_1_299' title='bbox 618 3436 687 3491; x_wconf 85' lang='lat' dir='ltr'>quas</span> <span class='ocrx_word' id='word_1_300' title='bbox 706 3420 827 3474; x_wconf 86' lang='lat' dir='ltr'>Edeconi</span> <span class='ocrx_word' id='word_1_301' title='bbox 844 3421 1005 3482; x_wconf 78' lang='lat' dir='ltr'>adferebat,</span> <span class='ocrx_word' id='word_1_302' title='bbox 1031 3418 1138 3470; x_wconf 86' lang='lat' dir='ltr'>iniece-</span> 
     </span>
     <span class='ocr_line' id='line_1_38' title="bbox 15 3490 1137 3561; baseline -0.007 -13"><span class='ocrx_word' id='word_1_303' title='bbox 15 3502 106 3549; x_wconf 86' lang='lat' dir='ltr'>runt.</span> <span class='ocrx_word' id='word_1_304' title='bbox 151 3492 248 3561; x_wconf 87' lang='lat' dir='ltr'>Quum</span> <span class='ocrx_word' id='word_1_305' title='bbox 277 3492 368 3561; x_wconf 85' lang='lat' dir='ltr'>ipsum</span> <span class='ocrx_word' id='word_1_306' title='bbox 391 3490 427 3543; x_wconf 87' lang='lat' dir='ltr'>ad</span> <span class='ocrx_word' id='word_1_307' title='bbox 448 3492 562 3543; x_wconf 76' lang='lat' dir='ltr'>auitam</span> <span class='ocrx_word' id='word_1_308' title='bbox 589 3490 783 3553; x_wconf 74' lang='lat' dir='ltr'>adduxissent,</span> <span class='ocrx_word' id='word_1_309' title='bbox 817 3493 841 3543; x_wconf 92' lang='lat' dir='ltr'>is</span> <span class='ocrx_word' id='word_1_310' title='bbox 865 3510 900 3543; x_wconf 86' lang='lat' dir='ltr'>ex</span> <span class='ocrx_word' id='word_1_311' title='bbox 929 3506 962 3541; x_wconf 91' lang='lat' dir='ltr'>eo</span> <span class='ocrx_word' id='word_1_312' title='bbox 986 3491 1137 3558; x_wconf 80' lang='lat' dir='ltr'>quaesivit,</span> 
     </span>
     <span class='ocr_line' id='line_1_39' title="bbox 16 3559 1138 3633; baseline -0.007 -14"><span class='ocrx_word' id='word_1_313' title='bbox 16 3568 113 3619; x_wconf 84' lang='lat' dir='ltr'>cuius</span> <span class='ocrx_word' id='word_1_314' title='bbox 136 3564 183 3613; x_wconf 86' lang='lat' dir='ltr'>rei</span> <span class='ocrx_word' id='word_1_315' title='bbox 203 3563 288 3633; x_wconf 82' lang='lat' dir='ltr'>gratia</span> <span class='ocrx_word' id='word_1_316' title='bbox 307 3568 414 3615; x_wconf 74' lang='lat' dir='ltr'>mutum</span> <span class='ocrx_word' id='word_1_317' title='bbox 434 3564 494 3614; x_wconf 88' lang='lat' dir='ltr'>auri</span> <span class='ocrx_word' id='word_1_318' title='bbox 513 3570 685 3630; x_wconf 72' lang='lat' dir='ltr'>asportasset</span> <span class='ocrx_word' id='word_1_319' title='bbox 722 3562 774 3614; x_wconf 87' lang='lat' dir='ltr'>lile</span> <span class='ocrx_word' id='word_1_320' title='bbox 792 3559 950 3631; x_wconf 86' lang='lat' dir='ltr'>respoudit,</span> <span class='ocrx_word' id='word_1_321' title='bbox 976 3567 1009 3609; x_wconf 85' lang='lat' dir='ltr'>ut</span> <span class='ocrx_word' id='word_1_322' title='bbox 1030 3560 1087 3611; x_wconf 89' lang='lat' dir='ltr'>suis</span> <span class='ocrx_word' id='word_1_323' title='bbox 1108 3568 1138 3611; x_wconf 90' lang='lat' dir='ltr'>et</span> 
     </span>
     <span class='ocr_line' id='line_1_40' title="bbox 16 3630 1138 3701; baseline -0.007 -12"><span class='ocrx_word' id='word_1_324' title='bbox 16 3639 174 3689; x_wconf 85' lang='lat' dir='ltr'>comitum</span> <span class='ocrx_word' id='word_1_325' title='bbox 200 3649 312 3685; x_wconf 90' lang='lat' dir='ltr'>suorum</span> <span class='ocrx_word' id='word_1_326' title='bbox 330 3632 541 3685; x_wconf 80' lang='lat' dir='ltr'>necessitatibus</span> <span class='ocrx_word' id='word_1_327' title='bbox 559 3630 733 3701; x_wconf 84' lang='lat' dir='ltr'>provideret,</span> <span class='ocrx_word' id='word_1_328' title='bbox 759 3650 795 3686; x_wconf 90' lang='lat' dir='ltr'>ne</span> <span class='ocrx_word' id='word_1_329' title='bbox 813 3648 904 3684; x_wconf 87' lang='lat' dir='ltr'>rerum</span> <span class='ocrx_word' id='word_1_330' title='bbox 921 3632 1138 3682; x_wconf 85' lang='lat' dir='ltr'>necessariarum</span> 
     </span>
     <span class='ocr_line' id='line_1_41' title="bbox 13 3701 1137 3779; baseline -0.002 -24"><span class='ocrx_word' id='word_1_331' title='bbox 13 3710 150 3779; x_wconf 76' lang='lat' dir='ltr'>inopia,</span> <span class='ocrx_word' id='word_1_332' title='bbox 178 3710 229 3755; x_wconf 90' lang='lat' dir='ltr'>aut</span> <span class='ocrx_word' id='word_1_333' title='bbox 246 3719 395 3774; x_wconf 82' lang='lat' dir='ltr'>equorum,</span> <span class='ocrx_word' id='word_1_334' title='bbox 417 3712 466 3755; x_wconf 90' lang='lat' dir='ltr'>aut</span> <span class='ocrx_word' id='word_1_335' title='bbox 481 3703 598 3755; x_wconf 89' lang='lat' dir='ltr'>aliorum</span> <span class='ocrx_word' id='word_1_336' title='bbox 616 3701 778 3755; x_wconf 82' lang='lat' dir='ltr'>animalium</span> <span class='ocrx_word' id='word_1_337' title='bbox 794 3711 920 3753; x_wconf 83' lang='lat' dir='ltr'>vecturae</span> <span class='ocrx_word' id='word_1_338' title='bbox 938 3708 1064 3768; x_wconf 86' lang='lat' dir='ltr'>aptorum</span> <span class='ocrx_word' id='word_1_339' title='bbox 1083 3717 1137 3769; x_wconf 89' lang='lat' dir='ltr'>pe-</span> 
     </span>
     <span class='ocr_line' id='line_1_42' title="bbox 15 3770 1137 3847; baseline -0.012 -13"><span class='ocrx_word' id='word_1_340' title='bbox 15 3782 133 3841; x_wconf 82' lang='lat' dir='ltr'>nuria,</span> <span class='ocrx_word' id='word_1_341' title='bbox 154 3791 231 3847; x_wconf 85' lang='lat' dir='ltr'>quae</span> <span class='ocrx_word' id='word_1_342' title='bbox 239 3790 289 3844; x_wconf 88' lang='lat' dir='ltr'>per</span> <span class='ocrx_word' id='word_1_343' title='bbox 307 3776 388 3845; x_wconf 83' lang='lat' dir='ltr'>longa</span> <span class='ocrx_word' id='word_1_344' title='bbox 407 3775 507 3827; x_wconf 76' lang='lat' dir='ltr'>itinera</span> <span class='ocrx_word' id='word_1_345' title='bbox 524 3774 707 3842; x_wconf 72' lang='lat' dir='ltr'>deperierant,</span> <span class='ocrx_word' id='word_1_346' title='bbox 727 3772 846 3825; x_wconf 84' lang='lat' dir='ltr'>astudio</span> <span class='ocrx_word' id='word_1_347' title='bbox 862 3770 1050 3825; x_wconf 84' lang='lat' dir='ltr'>obeundarum</span> <span class='ocrx_word' id='word_1_348' title='bbox 1061 3771 1137 3838; x_wconf 83' lang='lat' dir='ltr'>lega·</span> 
     </span>
     <span class='ocr_line' id='line_1_43' title="bbox 16 3842 1135 3913; baseline -0.013 -9"><span class='ocrx_word' id='word_1_349' title='bbox 16 3854 144 3904; x_wconf 72' lang='lat' dir='ltr'>donum</span> <span class='ocrx_word' id='word_1_350' title='bbox 165 3852 338 3897; x_wconf 78' lang='lat' dir='ltr'>avocaretur.</span> <span class='ocrx_word' id='word_1_351' title='bbox 357 3846 500 3899; x_wconf 83' lang='lat' dir='ltr'>Praeterea</span> <span class='ocrx_word' id='word_1_352' title='bbox 516 3843 552 3896; x_wconf 85' lang='lat' dir='ltr'>nd</span> <span class='ocrx_word' id='word_1_353' title='bbox 571 3844 789 3913; x_wconf 84' lang='lat' dir='ltr'>redemptionem</span> <span class='ocrx_word' id='word_1_354' title='bbox 808 3844 977 3911; x_wconf 81' lang='lat' dir='ltr'>captivorum</span> <span class='ocrx_word' id='word_1_355' title='bbox 989 3842 1135 3911; x_wconf 84' lang='lat' dir='ltr'>pecuniam</span> 
     </span>
     <span class='ocr_line' id='line_1_44' title="bbox 16 3912 1135 3992; baseline -0.013 -17"><span class='ocrx_word' id='word_1_356' title='bbox 16 3929 163 3992; x_wconf 83' lang='lat' dir='ltr'>paratam</span> <span class='ocrx_word' id='word_1_357' title='bbox 185 3932 254 3971; x_wconf 87' lang='lat' dir='ltr'>esse.</span> <span class='ocrx_word' id='word_1_358' title='bbox 290 3916 394 3969; x_wconf 83' lang='lat' dir='ltr'>Multos</span> <span class='ocrx_word' id='word_1_359' title='bbox 424 3917 497 3969; x_wconf 85' lang='lat' dir='ltr'>enim</span> <span class='ocrx_word' id='word_1_360' title='bbox 523 3931 557 3968; x_wconf 90' lang='lat' dir='ltr'>ex</span> <span class='ocrx_word' id='word_1_361' title='bbox 575 3916 702 3968; x_wconf 82' lang='lat' dir='ltr'>Romanis</span> <span class='ocrx_word' id='word_1_362' title='bbox 726 3932 743 3968; x_wconf 87' lang='lat' dir='ltr'>s</span> <span class='ocrx_word' id='word_1_363' title='bbox 766 3930 795 3967; x_wconf 87' lang='lat' dir='ltr'>se</span> <span class='ocrx_word' id='word_1_364' title='bbox 818 3927 981 3982; x_wconf 77' lang='lat' dir='ltr'>magnopere</span> <span class='ocrx_word' id='word_1_365' title='bbox 1005 3912 1135 3980; x_wconf 84' lang='lat' dir='ltr'>petiisse,</span> 
     </span>
     <span class='ocr_line' id='line_1_45' title="bbox 15 3982 1135 4062; baseline -0.01 -18"><span class='ocrx_word' id='word_1_366' title='bbox 15 4000 54 4044; x_wconf 84' lang='lat' dir='ltr'>ut</span> <span class='ocrx_word' id='word_1_367' title='bbox 72 3990 262 4062; x_wconf 86' lang='lat' dir='ltr'>propinquos</span> <span class='ocrx_word' id='word_1_368' title='bbox 281 4004 345 4039; x_wconf 89' lang='lat' dir='ltr'>suus</span> <span class='ocrx_word' id='word_1_369' title='bbox 366 3987 521 4039; x_wconf 89' lang='lat' dir='ltr'>redimeret.</span> <span class='ocrx_word' id='word_1_370' title='bbox 541 3986 735 4051; x_wconf 78' lang='lat' dir='ltr'>‚Cuidttiiasr</span> <span class='ocrx_word' id='word_1_371' title='bbox 754 3982 829 4046; x_wconf 88' lang='lat' dir='ltr'>„Sed</span> <span class='ocrx_word' id='word_1_372' title='bbox 846 3998 937 4053; x_wconf 86' lang='lat' dir='ltr'>neque</span> <span class='ocrx_word' id='word_1_373' title='bbox 954 3984 1024 4043; x_wconf 84' lang='lat' dir='ltr'>ism,</span> <span class='ocrx_word' id='word_1_374' title='bbox 1043 3990 1135 4034; x_wconf 81' lang='lat' dir='ltr'>otus·</span> 
     </span>
     <span class='ocr_line' id='line_1_46' title="bbox 11 4049 1134 4137; baseline -0.013 -18"><span class='ocrx_word' id='word_1_375' title='bbox 11 4066 66 4137; x_wconf 80' lang='lat' dir='ltr'>pis</span> <span class='ocrx_word' id='word_1_376' title='bbox 98 4061 217 4127; x_wconf 78' lang='lat' dir='ltr'>bestia,</span> <span class='ocrx_word' id='word_1_377' title='bbox 250 4057 365 4130; x_wconf 70' lang='lat' dir='ltr'>bigitan</span> <span class='ocrx_word' id='word_1_378' title='bbox 389 4056 546 4129; x_wconf 84' lang='lat' dir='ltr'>appellans,</span> <span class='ocrx_word' id='word_1_379' title='bbox 573 4055 663 4111; x_wconf 84' lang='lat' dir='ltr'>ulium</span> <span class='ocrx_word' id='word_1_380' title='bbox 689 4055 746 4109; x_wconf 80' lang='lat' dir='ltr'>ubi</span> <span class='ocrx_word' id='word_1_381' title='bbox 768 4057 824 4108; x_wconf 87' lang='lat' dir='ltr'>tuis</span> <span class='ocrx_word' id='word_1_382' title='bbox 842 4049 1066 4107; x_wconf 79' lang='lat' dir='ltr'>cavillationibus</span> <span class='ocrx_word' id='word_1_383' title='bbox 1086 4051 1134 4105; x_wconf 85' lang='lat' dir='ltr'>iu-</span> 
     </span>
    </p>
   </div>
   <div class='ocr_carea' id='block_1_6' title="bbox 0 0 1372 4634">
    <p class='ocr_par' dir='ltr' id='par_1_7' title="bbox 0 0 1372 4634">
     <span class='ocr_line' id='line_1_47' title="bbox 0 0 1372 4634; baseline 0 13"><span class='ocrx_word' id='word_1_384' title='bbox 0 0 1372 4634; x_wconf 95' lang='lat' dir='ltr'> </span> 
     </span>
    </p>
   </div>
  </div>
 </body>
</html>
