2734 4634
329 183 593 250 ansuinum
623 184 827 251 nssToml.
1034 158 1112 246 361

46 327 108 399 είεν
126 326 189 400 ιδτε
206 334 366 420 Ῥωμαῖα,
386 341 622 424 παραδιθοσθαι
637 336 776 417 ου’θέναξ
796 339 978 427 δφέξοντας.
1017 337 1054 422 ς’,
1077 342 1257 417 &alchos

45 433 80 497 εί
94 456 191 515 τινες,
221 434 256 498 έν
276 426 302 523 ᾧ
326 432 431 525 χρόνῳ
458 434 476 500 δ
496 436 628 518 πόλεμος
650 439 861 524 ξυνειστήκει,
883 431 1226 525 ηδτο,αδλησαν,Ῑ1“ῑ,·ο

47 534 140 597 τοῦτο
158 534 219 615 μέν
238 528 283 609 οἷς
301 537 435 620 Πέρσας
453 534 515 601 α’πδ
543 536 731 619 Ῥωμαίων,
758 542 851 603 τοῦτο
881 540 922 613 δὲ,
944 537 1007 603 dud
1031 504 1222 623 ssep-1³⁸⁰*
1231 502 1266 553 3⁶

45 634 111 698 σῶν
143 627 189 706 ὥς
210 630 412 717 Ῥωμαίους,
440 632 503 717 el'ya
532 636 696 719 βούλοιντο
727 637 757 702 οἱ
775 636 1068 725 προσκεχωρηκότας
1088 640 1122 716 ές

25 728 85 794 διὰ
110 727 190 793 οἴκοι
209 730 474 819 ἐπαναστρέφειν,
509 732 555 820 μὴ
575 734 723 820 γίνεσθαί
740 760 850 823 σφισιν
879 734 1026 819 έμποδοὶν
1044 732 1123 821 μήτε

44 825 108 913 μὴν
126 828 254 917 κοιλέμῃ
274 828 464 913 χρήσασθαί
487 856 561 898 τινι.
598 832 672 910 τοδς
691 838 799 915 μέντοι
827 837 861 901 έν
882 838 982 923 καιρῷ
1000 832 1124 920 εἰρήνης

46 925 244 1007 αὐτομόλους
266 924 363 1013 ἤγουν
388 930 645 1017 καταφεύγοντας
676 934 711 1012 ἐξ
739 929 853 1020 ἑτέρων
872 936 917 1011 οἷς
935 930 1059 1020 ἑτέρους
1076 933 1121 1020 μὴ

46 1026 276 1109 ὑποδέχεσθαι,
307 1028 376 1093 ἀλλ’
396 1028 430 1094 ἐκ
453 1029 568 1105 παντδς
586 1030 704 1116 τρόπου
727 1035 782 1097 καί
800 1026 933 1108 ἄκοντας
953 1032 1125 1118 ἐγχειρίζο-

46 1130 128 1191 σθαι
155 1136 221 1202 τοῖς
251 1130 286 1205 ἐξ
313 1120 359 1193 οἷν
389 1128 445 1194 καί
469 1125 663 1216 ἀπέδρασαν.
705 1131 728 1211 ξ
757 1135 852 1217 μέρος
879 1134 940 1197 τοῖν
959 1134 1123 1216 σπονδοῖν,

11 1222 133 1291 toei'ora
156 1223 228 1303 τούς
255 1223 499 1310 έπεγκαλοδντας
527 1228 602 1315 περὶ
632 1235 690 1295 τοῦ
718 1232 869 1297 σίνεσθαί
890 1254 921 1296 τι
947 1232 1032 1317 σφᾶς
1052 1228 1154 1309 rodet

44 1326 374 1409 ἀντιπολιτευομένους
394 1327 465 1417 διλιῃ
483 1331 657 1412 τέμνεσθαι
677 1328 714 1395 τὸ
739 1328 1019 1417 φιλονεικοέμενον,
1042 1325 1064 1414 ἢ
1084 1332 1128 1395 δι’

41 1420 169 1493 ἑαυτῶν
187 1428 252 1491 τοῖν
270 1423 327 1511 τήν
346 1426 467 1514 βλάβην
487 1427 689 1494 πεπονθότων
709 1423 730 1517 ἢ
752 1432 795 1494 δι’
810 1428 931 1494 οἰκιέων
949 1426 1126 1515 ἀνθρώπων

40 1522 77 1590 έν
106 1531 173 1600 τοῖς
200 1528 364 1611 μεθορίοις
391 1525 479 1609 παρὰ
512 1536 577 1604 τοῖς
605 1520 761 1615 ἄρχουσιν
792 1523 942 1614 ἑκατέρας
968 1531 1127 1606 πολιτείας

39 1622 232 1701 ξυνιόντων·
260 1620 343 1690 οὕτω
370 1627 406 1691 δδ
430 1625 486 1692 τδν
513 1624 714 1712 ζημιώσαντα
745 1622 923 1694 ἀκέσασθαι
944 1625 981 1694 re*
1003 1627 1127 1709 σκιάζον.

11 1722 94 1807 ὅκχ’,
124 1718 208 1788 ὅστε
237 1725 294 1790 τοῦ
323 1727 434 1790 λοιποῦ
460 1724 503 1811 μή
528 1728 667 1811 ἐγκαλεῖν
687 1730 819 1812 Πέρσας
841 1726 1015 1808 Ῥωμαίοις
1035 1728 1125 1793 ἕνεκα

34 1826 100 1888 τοῦ
120 1824 337 1899 ἐπικτιῖεσθαι
357 1822 392 1889 τδ
410 1824 538 1911 Δέρας,
569 1822 655 1905 ἔδοξε
686 1827 743 1891 κατ’
759 1825 941 1913 ἀμφοτέραν
966 1826 1126 1891 πολιτείαν

33 1925 99 1989 τοῦ
120 1925 234 1987 λοιποῦ
256 1925 411 2007 μηδαμῶς
437 1926 657 2008 έπιτιιχιζειν,
675 1916 773 2009 ἤγουν
796 1928 931 2012 περιοχῇ
949 1948 1010 1990 τινι
1031 1949 1127 1992 κατα*

32 2024 212 2108 σφαλίζειν
236 2046 269 2088 τι
296 2023 360 2089 τῶν
386 2025 421 2089 έν
443 2033 510 2101 τοῖς
531 2021 709 2109 δροθεσίοις
728 2027 873 2111 χωρίων,
910 2027 962 2090 ἵνα
982 2022 1028 2109 μὴ
1049 2024 1129 2112 πρέ-ι

33 2145 145 2209 φασις
165 2122 311 2187 ἐντεῦθεν
333 2119 436 2188 ἔσοιτο
453 2126 611 2208 ταραχῆς,
625 2126 680 2189 κατ’
696 2128 732 2189 έκ
746 2121 860 2189 τούτου
876 2122 1125 2209 διαλυθήσονται

9 2220 76 2293 ocri
98 2220 245 2287 σπονδαί.
283 2217 325 2302 θ,
344 2219 389 2306 μὴ
411 2223 532 2288 έπιέναι
547 2218 569 2307 ἢ
582 2228 728 2306 πολεμεῖν
749 2220 872 2312 δπηιιόιρ
889 2222 977 2289 ἔθνει
997 2216 1020 2307 ἢ
1037 2220 1129 2311 χώρᾳ

31 2321 109 2387 τινί
130 2314 208 2406 ἄλλῃ
228 2317 302 2396 τοδς
320 2318 432 2406 ἐτέρας
450 2323 626 2399 πολιτείας·
654 2326 772 2404 μᾶλλον
792 2324 850 2403 μὲν
868 2315 925 2386 οὖν
948 2314 1023 2385 ἄνευ
1043 2319 1150 2404 pti-e

29 2424 102 2506 ssqe
131 2417 190 2484 καί
217 2420 283 2485 κατ’
311 2419 404 2485 οὐδὲν
425 2419 530 2486 δτιοδν
556 2422 809 2506 πρμαινομένους
837 2422 871 2485 ἐν
897 2421 941 2508 τῷ
961 2420 1051 2509 αὐτῷ
1065 2420 1127 2503 μέ-

114 2567 213 2626 adul
232 2578 297 2625 ante
314 2572 439 2645 Περσῶν
464 2589 497 2626 ex
515 2575 585 2627 coni.
604 2573 742 2628 addidisse
767 2572 876 2627 videtur
892 2573 927 2627 Η.
1013 2573 1037 2641 l.
1051 2588 1125 2643 προ-

114 2641 307 2714 κεχωρηκότος
322 2646 392 2715 vulg.
466 2653 564 2715 ρτολς
581 2645 611 2707 ἐξ
624 2647 673 2709 lt,
691 2634 759 2703 ιοδς
775 2644 804 2708 έξ
821 2645 891 2715 vulg.
960 2660 1003 2701 aa.
1020 2660 1128 2717 πημαιι

114 2718 257 2785 νομενους
272 2713 315 2779 Ν,
331 2730 370 2781 πη
387 2719 564 2789 μενομένοος
576 2717 648 2787 vulg.

26 2843 166 2890 statutas
185 2835 279 2902 λαως
301 2844 334 2889 ut
359 2834 418 2902 his,
444 2839 510 2908 qni,
529 2837 595 2891 dum
618 2836 721 2889 bellum
740 2844 811 2901 erat,
837 2836 895 2891 sive
913 2852 928 2889 a
944 2834 1071 2889 Romanis
1091 2834 1128 2889 ad

26 2910 166 2969 Persas,
193 2906 251 2958 sive
269 2923 284 2957 a
302 2906 387 2959 Persis
404 2906 439 2959 ad
458 2910 588 2962 Romanos
607 2908 787 2972 transierunt,
813 2906 836 2959 si
856 2904 961 2976 regredi
982 2914 1011 2959 et
1025 2905 1061 2957 ad
1078 2920 1128 2958 sua

26 2977 141 3033 redire
156 2975 307 3039 voluerint,
332 2978 438 3029 nullum
456 2978 678 3047 impedimentum
705 2988 752 3031 aut
774 2979 899 3029 molestis
921 2976 983 3041 θοις
1007 2976 1056 3029 aed
1078 2976 1128 3045 qui

26 3067 98 3119 per
113 3062 211 3115 pacem
229 3045 357 3117 deinceps
378 3048 520 3117 aufugiens
538 3060 566 3101 et
581 3048 740 3119 migrabunt
759 3063 793 3101 ex
811 3048 924 3100 alterius
942 3046 1056 3099 ditionis
1071 3054 1128 3099 ter-

23 3124 102 3177 ris,
121 3117 153 3167 in
169 3118 283 3170 alterius
301 3119 438 3186 regionem
457 3120 568 3173 minime
586 3119 782 3181 admittantur,
810 3117 859 3171 sed
882 3120 958 3169 omni
979 3116 1061 3170 modo
1085 3122 1129 3168 ct·

22 3193 101 3243 iam
122 3188 205 3240 insiti
226 3186 375 3239 reddantur
390 3189 443 3252 his,
461 3206 476 3241 a
496 3208 611 3260 quorum
632 3190 772 3241 dominatu
792 3190 958 3259 effugerunt3
974 3206 1037 3258 pars
1059 3204 1129 3257 quo-

22 3277 101 3334 que
119 3256 263 3310 foederum
284 3256 355 3321 fuit,
375 3268 416 3323 ut,
434 3259 457 3312 si
478 3262 525 3330 qui
547 3269 744 3331 quererentur,
765 3258 819 3311 sibi
840 3258 907 3331 quid
919 3256 1010 3310 damni
1021 3258 1129 3309 illatum

20 3346 106 3386 esse
124 3345 142 3378 a
161 3329 314 3381 contrariae
336 3331 418 3400 partis
440 3331 560 3393 civibus,
588 3330 692 3383 iudicio
710 3328 853 3383 dirimatur
870 3328 1052 3382 controversia
1071 3326 1129 3379 sive

49 3420 94 3455 es·
113 3416 164 3453 eos
183 3399 272 3467 ipsos,
308 3402 337 3451 ui
358 3400 487 3453 iniuriam
504 3403 577 3469 passi
592 3402 665 3462 sint,
682 3400 739 3452 sire
759 3416 808 3469 per
824 3408 910 3453 certos
926 3398 1059 3461 homines,
1080 3394 1130 3466 qni

15 3492 63 3529 m
84 3468 220 3521 confiniis
236 3416 310 3592 apud
326 3470 467 3540 utriusque
484 3474 568 3541 partis
589 3470 739 3540 praefectos
758 3470 934 3531 conveniant,
955 3476 984 3520 et
1004 3469 1060 3529 ita,
1079 3464 1130 3538 qul

14 3542 219 3618 peccaverit,
265 3556 344 3593 amno
363 3539 522 3609 medeatur3
550 3552 581 3595 ut
601 3542 631 3593 in
651 3548 790 3611 posterum
807 3544 903 3595 Persae
921 3538 1047 3589 Romania
1072 3552 1131 3590 11011

13 3618 236 3669 succenseant,
254 3611 329 3679 quod
345 3614 428 3665 Daras
445 3612 580 3675 munient,
592 3612 706 3681 placuit,
725 3620 867 3682 utramque
887 3605 1095 3677 rempublicam
1113 3625 1130 3663 a

14 3682 210 3741 muniendis
229 3680 296 3734 locis
314 3697 399 3753 prope
422 3684 489 3735 fines
512 3684 572 3735 sitia
591 3700 672 3752 porro
695 3682 853 3747 abstinere,
877 3693 966 3749 neque
990 3694 1022 3733 ea
1047 3680 1131 3731 musis

15 3766 64 3811 et
93 3769 151 3825 pro
174 3750 314 3822 ugnsculis
339 3753 522 3817 circumdare,
550 3770 585 3805 nc
611 3754 675 3806 inde
694 3754 834 3807 turbarum
860 3751 964 3803 occasio
989 3759 1134 3813 nascatur,

14 3836 62 3883 et
91 3825 143 3875 foe
166 3838 210 3875 cra
229 3820 427 3889 dissolventem
444 3825 581 3877 neminem
601 3823 729 3877 invadere
746 3833 794 3876 sut
811 3820 885 3873 bello
910 3821 1042 3875 lacessere
1067 3836 1134 3889 gen·

10 3910 103 3956 tem
121 3902 175 3946 aut
199 3892 356 3961 regionem,
383 3910 453 3964 quae
479 3895 529 3947 suh
555 3895 713 3947 alterutrius
744 3892 858 3962 irnperio
886 3893 936 3956 sit,
967 3892 1015 3945 sed
1041 3891 1133 3963 potius

12 3980 144 4024 omnes
164 3962 240 4013 nulla
262 3963 366 4017 iniuria
383 3962 523 4019 lacessitos
547 3965 643 4019 codem
663 3972 736 4018 statu
757 3978 881 4023 manere,
898 3970 930 4017 ut
948 3964 1004 4015 illis
1023 3976 1135 4032 qnoque

8 4052 113 4119 pace
131 4034 190 4090 frui
208 4033 309 4106 lieeetp
329 4049 364 4089 ne
382 4052 478 4109 magna
495 4036 617 4093 militam
635 4053 734 4091 manus
751 4034 834 4091 Daras
861 4033 932 4091 ultra
948 4048 1030 4106 quam
1044 4040 1135 4089 euno·
