2734 4634
351 170 618 237 numinum
644 171 850 236 nrsronn.
1054 147 1133 232 ὅτι
1212 183 1214 192 ⁴

57 331 113 399 λος
125 323 262 408 ξονήκαν
276 319 306 386 oi
322 325 469 409 πρέσβεις
489 327 564 408 περί
575 327 636 404 μέν
653 328 714 389 τοῦ
736 320 944 411 διαρραγῆναι
968 323 1024 402 τὰς
1042 329 1211 392 οιτον-Μ·
1221 331 1270 400 577

56 421 118 500 ride
137 428 187 497 τίς
206 420 309 496 αἴτιος
329 421 384 485 καί
402 418 460 504 οῦ,
481 422 515 487 τῦ
538 418 660 512 τοιόνδε
679 429 867 510 σιγηδῆναι,
889 427 1088 510 διερευνῆσαι
1103 427 1138 490 δὲ
1145 401 1247 522 ¹¹:¹¹„ssss
1253 472 1282 528 ι,

54 518 186 604 τρόπον,
206 515 266 608 ῦτιρ
291 521 548 605 έμπεδωθήσεται
567 519 608 584 τὰ
640 523 785 606 εἰρηναῖα
813 527 872 587 τοῦ
892 526 1003 588 λοιποῦ
1030 525 1086 588 καί
1104 522 1229 596 eiam

55 618 251 705 ἀμφήριστοι
262 626 414 684 πολιτεῖαι
427 616 611 685 sosoi-‘ieme
622 618 660 687 roi
677 617 770 686 ῦπλα.
790 620 892 699 ssi-iric
906 617 964 688 οῦν
975 620 1139 704 Μεβοέδου

34 716 134 785 marui
149 718 205 793 τὰς
216 717 499 802 πριῦηνξυνδήκας,
514 719 551 784 αἰ
564 723 814 804 ξυνέστησανὲπί
829 726 889 786 τοῦ
908 722 1152 809 αῦτοιιροίτοροςΙ

52 820 275 883 Ἰουστινιιινοῦ
284 866 294 897 ,
315 815 373 892 τοὶς
393 814 556 901 τριάκοντα
581 815 731 901 χιλιάδας
760 824 822 886 τοῖν
855 820 1055 902 νομισμάτων
1075 820 1139 907 φή-

52 940 167 994 σαντος
182 919 300 1000 χρῆναι
320 912 396 991 τοῦς
411 916 589 998 Ῥωμαίοις
610 921 650 1005 τῇ
671 921 812 1008 πολιτείᾳ
839 921 977 1004 Περσῶν
1008 945 1139 985 κατατι-

50 1019 148 1079 θέναι
179 1015 224 1080 εἶν’
260 1011 347 1096 ἔτος,
378 1011 425 1079 ἔτι
453 1039 488 1098 γε
507 1014 572 1101 μήν
602 1017 811 1101 ἀποχωρήσαι
829 1018 1075 1105 Περσαρμενίας
1101 1042 1137 1084 τε

50 1113 109 1178 καί
123 1108 281 1198 Ἰβηρίας,
306 1111 387 1198 πρδς
407 1116 443 1178 δέ
462 1138 498 1198 με
516 1114 573 1180 καί
592 1113 709 1189 αὐτοῦς
728 1114 803 1192 τοῦς
824 1112 893 1181 ὅσοι
912 1141 947 1201 γε
968 1115 1062 1183 αἴτιοι
1081 1123 1138 1200 τῆς

17 1213 250 1288 ιοοῖποστασίας
286 1213 483 1297 οἰποδοδήναι
522 1219 653 1296 βασιλεῖ
686 1216 748 1280 ταῖν
782 1218 920 1302 Περσῶν
950 1221 1136 1305 χρησομένῳ

50 1314 150 1396 σφισί
166 1321 234 1388 ταῖς
254 1307 483 1396 προσηκούσαις
498 1323 630 1398 φωναῖς.
667 1319 806 1380 τοσαῦτα
822 1318 881 1379 τοῦ
895 1315 1056 1397 Μεβοῦδου
1079 1341 1138 1380 κα-

50 1411 267 1491 τατείναντος,
289 1408 318 1475 οἰ
337 1413 401 1475 τῶν
417 1409 583 1494 Ῥωμαίων
605 1415 771 1498 πρέσβεις,
799 1410 834 1479 sd
864 1410 986 1478 τοιόνδε
1015 1416 1051 1479 ἐκ
1077 1419 1138 1480 τοῦ

47 1509 219 1593 Καίσαρος
251 1514 467 1596 παρεμγυηδὲν
497 1513 629 1593 αῦτοῖς,
653 1513 777 1577 ἀῦτίκοι
810 1515 843 1576 οἵ
865 1537 900 1597 με
925 1516 1015 1578 τοῦτο
1050 1512 1159 1578 aderit

48 1608 126 1672 οῦδὲ
159 1598 299 1688 τοῦνομα
332 1607 520 1693 προσίεσθαι
553 1606 678 1696 ἔφασαν
707 1615 764 1695 τῆς
792 1609 937 1696 εἰρήνης,
966 1611 1053 1697 εἴπερ
1081 1611 1136 1676 ἐπὶ

12 1706 212 1794 ιόσυντελείρ
231 1709 296 1770 τινί
313 1711 370 1770 καί
389 1702 442 1772 ἱιέε
462 1709 495 1783 ἐς
516 1701 809 1802 φδρουιᾶπαγωγήν
829 1713 959 1796 Πέρσαι
978 1708 1134 1791 ἑλπίζοιεν

43 1806 231 1886 Ῥωμαίους
245 1807 324 1883 ἕξειν
340 1811 396 1870 τοῦ
413 1809 540 1871 λοιποῦ·
559 1809 641 1893 μηδὲ
661 1805 722 1895 γαρ
745 1809 910 1886 ἀνέξεσθαι
930 1814 989 1874 τοῦ
1009 1812 1133 1876 τοιοῦδε

44 1899 270 1987 τὸνΚαίσαρά
290 1928 322 1968 τι
340 1906 577 1989 παρασχέσθαι,
598 1904 676 1990 μήτε
695 1904 759 1990 μήν
779 1903 883 1993 ὥσπερ
906 1910 1018 1989 α’μέλει
1036 1899 1134 1974 τῦνιὸν

43 2026 78 2066 τι
88 2005 202 2087 χρῆμα
221 2004 379 2088 πρίασθαι
399 2000 458 2087 τήν
478 2002 613 2088 εἰρήνην.
653 1997 736 2070 οῦτοι
758 2003 797 2090 δή
818 2004 878 2090 γὰρ
900 2007 931 2071 εἰ
949 2003 1068 2090 ἔσοιτο,
1090 1999 1132 2073 οῦ

43 2125 74 2164 τι
106 2095 191 2165 εἶναι
217 2096 351 2182 μόνιμον
380 2102 454 2166 οῦδὲ
492 2107 635 2187 βεβαίαν.
674 2108 794 2186 χρῆναι
823 2103 930 2170 τοίνυν
956 2105 1131 2186 Ῥωμαίων

9 2195 152 2282 τοέλεηον
181 2196 210 2262 οἱ
228 2201 376 2284 πρέσβεις
401 2197 556 2286 πρότερον
580 2203 638 2267 τοῦ
656 2204 782 2266 τοιοῦδε
803 2205 965 2285 α’πειπεῖν,
991 2201 1073 2268 οῦτοι
1093 2227 1130 2267 τε
1152 2215 1156 2222 “

42 2300 98 2382 ἐφ’
120 2292 167 2376 οἷς
188 2299 254 2362 δέοι
272 2296 311 2363 sd
328 2299 383 2383 τῆς
400 2298 524 2384 εἰρήνης
543 2303 686 2384 προϊέναι
706 2303 954 2382 διασκέψασθαι.
995 2305 1051 2366 καί
1070 2295 1133 2366 οῦ·

41 2402 99 2472 &sc
127 2399 216 2462 ἕκατι
244 2402 303 2462 τοῦ
332 2402 455 2462 τοιοῦδε
480 2401 645 2484 τερθρείας
666 2401 766 2482 λόγων
789 2394 1026 2485 ἆπερίῥιμμένης
1045 2401 1149 2463 πολ-0

41 2499 102 2582 λῆς
124 2497 160 2573 ἔξ
179 2498 300 2582 α’μφοῖν
319 2506 386 2561 τοῖν
402 2506 534 2580 μεροῖν,
567 2497 624 2560 καί
654 2497 717 2580 οἰχ
739 2492 971 2578 irrogatorem
991 2499 1027 2563 ἐν
1046 2498 1132 2585 οἰρχῇ

116 2601 142 2653 3.
162 2593 230 2649 ὅτου
246 2598 317 2669 vulg.
370 2601 395 2651 8.
413 2602 635 2671 Περσαρμενίας
652 2600 693 2666 Β.,
712 2600 780 2669 περὶ
793 2597 942 2670 Ἀρμενίας
958 2597 1029 2668 vulg,
1089 2617 1130 2659 ιι.

113 2667 237 2742 φαναῖς]
258 2675 374 2725 ποιναῖς
392 2671 462 2721 coni.
481 2671 509 2723 B.

37 2765 115 2809 runt.
154 2757 277 2808 Tandem
296 2757 366 2809 iliud
381 2757 534 2826 disquirere
553 2755 782 2827 supersederunt,
809 2755 865 2808 utri
883 2755 987 2824 populo
1007 2755 1128 2810 foederis

38 2827 161 2881 violatio
180 2827 354 2880 sttribuenda
373 2836 460 2888 esset,
480 2835 508 2880 et
522 2829 655 2880 rationem
673 2829 837 2896 investigere
850 2828 940 2878 consti
959 2834 1041 2889 sunt,
1059 2843 1130 2898 quo-

37 2899 128 2949 modo
146 2899 331 2967 inposterum
356 2915 409 2969 psx
425 2899 508 2951 firmis
530 2897 761 2951 conventionibus.
774 2897 956 2956 stabiliretur,
984 2905 1013 2948 et
1031 2899 1127 2952 inimi-

37 2986 87 3022 cae
107 2976 205 3038 gentes
222 2967 257 3017 ab
276 2970 357 3020 armis
375 2967 554 3021 discederent
578 2967 676 3021 Statim
694 2967 825 3020 Mebodes
843 2968 988 3035 suggessit,
1008 2983 1128 3038 aequum

37 3057 113 3097 esse.
134 3039 267 3091 Romanos
285 3037 405 3108 pendere
414 3039 552 3091 Persarum
571 3037 741 3108 reipublicae
761 3038 907 3108 quotennis
929 3036 1041 3106 triginta
1060 3040 1127 3091 mii-

36 3110 78 3161 lia
96 3124 255 3162 aureorum.
291 3111 335 3161 Sic
355 3110 428 3160 enim
447 3110 674 3162 conventionibus
694 3116 803 3159 cautum
822 3121 895 3169 esse,
914 3123 984 3176 quae
1001 3115 1126 3178 tempore

36 3179 193 3233 Iustiniani
210 3179 384 3248 impensioris
402 3180 490 3230 factae
509 3187 595 3232 erent.
630 3181 772 3231 Ptaeteres
791 3176 971 3228 Persurmenia
990 3185 1018 3230 et
1034 3179 1125 3232 Iberis

36 3251 193 3312 cederent,
222 3257 251 3299 et
274 3265 366 3301 omnes
393 3249 556 3302 desectionis
580 3258 702 3301 suctores
727 3249 784 3318 regi
802 3248 939 3300 Persarum
964 3247 1125 3308 redderent,

35 3339 110 3392 quos
131 3319 229 3372 merita
246 3329 333 3373 morte
350 3319 473 3372 afficeret
508 3319 582 3371 Haec
600 3328 629 3371 et
646 3319 700 3370 aliu
720 3316 876 3368 huiusmodi
890 3315 1008 3369 Mebode
1025 3333 1125 3388 propo·

34 3401 143 3451 nente,
169 3391 349 3444 Romanorum
368 3391 450 3460 legati
468 3388 615 3441 secundum
637 3388 760 3440 Caesaris
778 3388 903 3440 mandata
925 3396 1016 3439 contra
1037 3387 1124 3437 disse·

35 3470 176 3525 ruerunt,
198 3468 228 3512 et
245 3461 388 3513 confestim
408 3459 621 3529 responderunt,
645 3475 675 3510 se
693 3457 744 3509 hoc
764 3475 798 3510 ne
812 3473 861 3527 pro
880 3459 992 3508 nomine
1009 3455 1125 3525 quidem

32 3533 114 3603 pacis
134 3531 295 3594 admittere,
314 3531 336 3583 si
356 3547 415 3592 cnm
435 3529 533 3581 tributi
554 3530 736 3598 pensitatione
754 3529 847 3580 Persae
863 3534 1004 3596 sperarent
1024 3527 1054 3578 in
1069 3541 1124 3594 po-

33 3612 147 3655 sterum
173 3601 306 3652 Romanos
338 3601 392 3652 sibi
418 3599 553 3654 obnoxios
583 3602 758 3651 constituere.
793 3599 850 3651 Neo
879 3598 951 3646 enim
977 3595 1123 3650 Caesa-rem
1183 3636 1192 3647 .

33 3675 190 3744 quicquum
214 3669 349 3741 pendere,
374 3686 465 3740 neque
488 3685 600 3739 picem,
631 3677 764 3738 tanquam
787 3684 842 3721 rem
866 3666 1006 3728 venalem,
1032 3683 1122 3720 emere

30 3745 127 3806 velie,
153 3759 240 3812 quse,
262 3742 286 3792 si
308 3742 347 3792 its
372 3740 557 3808 contingeret,
584 3755 639 3791 non
658 3739 706 3791 diu
726 3744 910 3808 permaneret,
937 3751 1027 3806 neque
1045 3737 1122 3790 firme

31 3813 120 3867 foret.
159 3813 294 3881 oportere
320 3812 403 3881 igitur
427 3811 560 3880 imprimis
589 3818 677 3864 totum
702 3809 775 3861 hune
804 3821 953 3858 sermonem
978 3806 1123 3871 omittere,

31 3893 95 3938 tum
115 3883 238 3945 demum,
255 3880 356 3954 quibus
375 3880 580 3933 conditionibus
597 3897 651 3948 pax
663 3876 808 3932 vincienda
825 3876 870 3936 sit,
886 3874 1032 3929 advertere.
1053 3879 1123 3928 Rur-

31 3970 78 4006 sns
99 3969 187 4023 super
204 3953 247 4004 his
265 3967 325 4003 cum
338 3960 470 4022 utraeque
483 3958 573 4021 portes
586 3953 616 4002 in
630 3951 728 4000 multas
744 3946 934 3999 altereationes
951 3947 1122 4016 erupissent,

33 4033 63 4077 et
79 4026 183 4078 Peme
201 4024 315 4076 minime
334 4021 480 4088 cederent,
502 4019 552 4076 sed
568 4020 671 4076 obnixe
688 4017 902 4081 contenderent,
926 4017 1030 4072 iustum
1048 4033 1128 4083 esse,

66 4132 231 4202 Dexippus,
248 4118 397 4201 Eunspius
416 4138 466 4181 ιιι.
888 4137 919 4177 τι
