2734 4634
126 566 1124 771 PHILJPPILABBul'

29 824 196 901 tOTAE
226 820 518 899 HISTORICAE
546 822 610 895 ΕΤ
645 820 1108 898 ANIMADVERSIONES

368 976 782 1041 rnectooss

111 1130 410 1195 OLYMPIODORI
438 1127 643 1207 THEBAEl,
665 1125 839 1192 CANDIDl
859 1126 1002 1192 tsnum
1011 1173 1023 1211 ‚

547 1264 592 1308 ar

317 1358 591 1425 THEOPHANIS
612 1356 820 1420 BYZANTll.

446 1502 704 1519 m

272 1665 351 1740 EX
400 1659 862 1742 OLYMPIODORO.

111 1818 188 1901 Peg.
213 1819 243 1881 3.
267 1818 310 1880 A.
331 1817 378 1879 ed.
404 1816 480 1881 Par.
512 1814 613 1902 [447,
645 1815 686 1900 r.]
719 1816 954 1901 Olympiodoms
980 1817 1032 1882 hie
1050 1824 1189 1883 rso-Mt

29 1912 88 1965 ster
127 1905 249 1963 natione
276 1901 465 1985 Aegyptius,
498 1904 596 1984 patria
626 1900 812 1981 Thebaeus,
838 1903 982 1985 religione
1009 1897 1205 1988 ζωῇ-ΨΜ

29 1986 95 2063 lis,
129 1985 314 2069 professione
347 1988 462 2068 polita,
504 2006 566 2045 non
601 1996 664 2045 tam
702 1984 842 2045 omnibus
879 1988 942 2047 suis
973 1990 1107 2051 numerio

29 2068 197 2128 rbsolutam
222 2068 402 2142 historiam,
439 2088 532 2151 quam
558 2064 757 2129 collectorum
788 2067 986 2131 tumultuaria
1014 2092 1120 2152 opera.

29 2153 312 2213 commentariorum
331 2150 424 2213 libros
444 2152 521 2211 dnos
539 2171 574 2211 ac
594 2151 720 2233 viginti,
748 2141 827 2230 ὕλην
843 2154 1018 2234 inscriptos,
1051 2176 1106 2235 po-

29 2236 153 2295 ueritati
172 2234 314 2316 reliquit3
337 2254 457 2295 exorsus
477 2232 517 2293 ab
537 2253 617 2293 anno
637 2233 790 2293 Dominici
811 2233 926 2295 Natalis
938 2234 1022 2317 407,
1044 2258 1106 2318 quo

29 2316 157 2378 Honorii
169 2316 299 2399 Augusti
310 2318 383 2378 Vll.
407 2314 545 2377 Consulis
564 2314 677 2398 collega
702 2315 760 2376 suit
778 2314 967 2378 Theodosius
989 2319 1106 2398 Iunior,

29 2420 59 2459 ex
81 2400 173 2461 lintre
190 2400 321 2461 Arcadio
342 2420 456 2482 nepos,
477 2418 573 2481 usque
594 2398 632 2459 ad
647 2418 761 2459 annum
780 2396 869 2477 425,
890 2421 953 2481 quo
968 2400 1107 2465 Valenti-

29 2485 143 2558 nianus,
163 2484 228 2544 eius
248 2482 377 2543 nominis
389 2482 508 2558 tertius,
529 2480 700 2542 chaesare
712 2482 880 2562 Imperator
898 2485 982 2546 iuno
1001 2495 1106 2566 patm-

29 2565 76 2626 slis
112 2568 159 2627 sui
178 2565 343 2626 Theodosii
365 2564 494 2647 Augusti
514 2565 628 2625 Romae
655 2566 844 2625 renuntians
870 2575 925 2626 est.
968 2568 1106 2633 Zosimus
1141 2581 1150 2593 ’

29 2650 151 2725 Comes,
171 2670 233 2709 non
257 2646 397 2730 ignobilis
415 2648 594 2721 historicus,
618 2646 672 2713 lib.
695 2646 726 2709 5.
748 2669 782 2729 p.
796 2646 868 2709 805.
884 2647 1024 2713 editionis
1035 2651 1106 2734 Syl-

29 2734 205 2813 )nrgianee,
226 2731 363 2791 meminit
383 2728 593 2813 Olympiodori
614 2728 766 2807 Thebani,
787 2750 849 2811 quo
870 2730 917 2808 lit,
941 2744 975 2794 ut
994 2737 1103 2796 merito

29 2814 168 2896 nguendi
189 2816 269 2887 sint,
293 2815 346 2895 qui
366 2813 585 2895 Olympiodoro
605 2813 760 2873 Zosimum
772 2817 981 2894 praemittunt.
1003 2818 1103 2881 Huius

29 2899 118 2959 ¹rerba
138 2917 173 2959 eo
195 2895 338 2959 libentius
358 2898 513 2969 exseribo,
537 2894 621 2977 quod
639 2899 690 2957 vix
710 2896 765 2957 ulli
786 2896 871 2958 alteri
892 2919 927 2958 ex
947 2902 1102 2982 antiquie,

29 2983 46 3041 ti
68 3002 88 3041 a
109 2980 221 3041 Photio
234 2979 412 3041 Patriarcha
435 2979 616 3055 discesseris,
638 2980 725 3040 euius
742 2980 912 3042 incredibili
931 2980 1116 3065 diligentiae

29 3066 114 3124 nnius
133 3062 320 3146 aliorumque
340 3062 490 3146 plurium,
521 3062 573 3143 qui
601 3063 712 3122 iniuria
732 3072 906 3143 temporum
925 3067 1101 3147 perierunt,

29 3146 169 3227 Excerpta
190 3146 358 3224 debemus,
380 3156 470 3207 notus
488 3145 578 3207 fuisse
598 3145 747 3207 videatur.
785 3144 836 3208 Ἐν
855 3145 892 3208 tt
910 3146 949 3229 τῇ
967 3140 1103 3245 ‘Popiliu-

29 3250 74 3312 νῃ,
93 3226 283 3329 μητρόπολις
303 3228 338 3291 δὲ
350 3224 539 3305 Φλαμινιῖις,
559 3220 649 3301 πόλις
668 3226 798 3309 ἀρχαία,
820 3226 989 3291 Θεσσάλων
1007 3249 1102 3290 auor·

29 3331 90 3385 κος,
110 3308 207 3393 Ῥηνη
228 3311 379 3391 κληθεῖσα
405 3304 459 3371 ded
479 3305 514 3371 τὸ
535 3303 737 3389 πανταχόθῑν
756 3304 1103 3412 ttaoeueptp’tstatat„

29 3392 78 3454 tal
108 3384 169 3473 οὔχ
198 3390 241 3467 (ὃς
261 3385 519 3474 Ὀλυμπιόδωρος
538 3389 555 3453 ὅ
579 3389 721 3474 Θηβαῖός
741 3414 820 3475 φησι
841 3390 895 3456 dui
918 3416 954 3457 το
972 3386 1100 3471 Ῥῶμον

29 3488 81 3537 etc.
122 3476 172 3537 Ab
199 3476 258 3537 hoc
277 3497 352 3538 vero
371 3488 476 3539 nostro
496 3476 632 3537 diversus
653 3479 777 3538 omnino
801 3477 860 3538 fuit
893 3488 960 3539 tum
990 3477 1099 3559 Olym-

29 3560 163 3639 piodorus
181 3558 305 3620 Philoso
325 3558 410 3636 hus,
431 3581 521 3642 quem
539 3559 710 3622 Aristotelis
730 3560 870 3644 dogmata
890 3571 1095 3641 exponentem,

29 3652 98 3702 teste
117 3640 228 3721 Suide,
253 3582 370 3704 audivit
387 3642 514 3705 Proclus
536 3643 656 3725 Lycius,
679 3645 825 3725 cuiusque
851 3654 968 3704 exstent
987 3642 1101 3725 aliquot

29 3728 53 3785 ln
74 3724 228 3785 Platonem
247 3727 369 3809 eiusque
389 3725 568 3809 discipulum
580 3726 752 3809 Stagiritnm
765 3728 973 3788 commentarii
985 3730 1094 3808 partim
1103 3742 1129 3798 Ρ,
1138 3744 1174 3816 89

29 3808 114 3885 editi,
130 3810 244 3951 partim
270 3808 384 3870 calamo
412 3810 558 3871 duntaxat
576 3812 708 3886 exarati3
743 3820 808 3870 tum
828 3809 904 3871 alius
927 3809 998 3886 ille,
1032 3814 1096 3875 sire

29 3892 130 3953 llonac
151 3893 291 3964 us,·eive
310 3891 531 3953 Alexandrinae
551 3892 704 3955 Ecclesiae
722 3893 893 3965 Diaconos,
914 3896 968 3974 qui
990 3897 1023 3955 in
1043 3895 1096 3955 lo-

29 3970 110 4051 bum,
140 3974 363 4052 Ecclesiasten,
395 3976 528 4059 aliosque
554 3976 717 4038 nonnullos
746 3996 847 4040 sacrae
866 3976 1039 4061 Scripturas
1056 3976 1094 4043 li·

29 4056 91 4121 bros
110 4060 276 4131 notationes
302 4068 460 4123 catenasre
478 4062 663 4143 conscripsit.
