2734 4634
244 248 287 311 m
314 174 523 313 memma
551 244 605 310 nn
631 244 939 313 nananoanos.
1043 218 1126 327 545

57 394 112 458 lat:
129 396 256 469 alterum
271 418 345 458 vero
370 390 427 459 τὸν
449 392 647 479 Βαλαμήρου
670 397 747 474 solet
768 402 935 462 nominaie.
976 398 1060 463 Haec
1079 416 1129 465 aa·

56 490 111 540 tem
124 491 204 563 gesta
221 481 363 544 videntur
385 480 528 541 Severino
552 492 581 541 et
603 481 769 543 Trocundo
789 482 887 560 Coss,
907 506 988 545 anno
1011 485 1129 547 Natalis

56 562 198 625 Dominici
220 564 314 641 482„
355 586 416 645 quo
445 580 524 623 anno
553 563 632 623 idem
660 564 890 643 Theudoricus,
913 568 1024 627 Triarii
1036 568 1127 645 filius,

57 647 175 707 interiit.
216 649 409 727 Quamquam
434 644 628 708 Marcellinus
655 651 689 707 in
711 647 860 707 Chronico
890 662 1018 712 mortem
1047 650 1129 713 itlius

56 729 166 791 confert
183 732 216 790 in
234 750 349 805 annum
365 729 601 812 praecedentem.
1111 768 1114 773 -

131 812 228 874 Porro
254 812 418 894 fragmenta
443 834 478 872 ex
508 812 634 873 historia
658 810 771 872 Malchi
795 824 915 897 praeter
940 814 1027 891 haec,
1050 834 1130 898 quae

60 897 190 974 superius
215 894 345 956 indicavi
362 940 370 973 ,
387 906 502 957 exstant
519 896 599 997 apud
619 896 745 956 Suidam
770 896 803 954 in
829 918 861 957 v.
893 894 1069 975 α’μοιβαία,
1099 909 1131 959 ct

56 978 87 1035 in
108 969 316 1058 vJEpailiproc,
341 990 371 1039 et
388 980 419 1039 in
441 998 473 1038 v.
497 980 634 1057 Ζηνων,
655 989 686 1039 et
708 979 740 1037 in
758 977 990 1061 Hupupe'mop,
1007 984 1077 1043 etin
1098 1002 1131 1045 v·

56 1053 206 1138 σιῖπαξις,
231 1072 261 1121 et
284 1063 316 1122 in
331 1083 363 1125 v.
380 1056 558 1140 ὑπολαβών.
581 1124 587 1137 ,

234 1296 311 1373 EX
345 1230 611 1373 HISTOilIA
639 1294 945 1375 MENANDRI.

132 1462 210 1547 Pag.
230 1465 298 1525 132.
311 1462 351 1525 A.
374 1462 461 1547 [344
482 1463 523 1547 1.]
547 1456 596 1525 ὅτι
610 1461 731 1546 instit).
772 1466 852 1528 Hinc
872 1468 1004 1549 incipere
1023 1463 1136 1533 dehent

53 1541 199 1629 Excerpta
230 1546 414 1629 legationum
446 1548 643 1609 eMenandri
664 1550 848 1614 Protectoris
877 1550 1014 1611 historia.
1054 1552 1138 1615 Nam

50 1651 119 1691 cum
144 1631 311 1693 Menander
331 1630 486 1691 historiam
504 1632 652 1713 Agathiac
673 1634 911 1709 continuaverit,
955 1646 990 1694 ut
1008 1637 1136 1715 ipsemet

51 1722 177 1775 testatur
200 1716 230 1774 in
257 1715 410 1796 prooemio
438 1714 580 1775 historiae
603 1736 674 1781 suae
701 1717 783 1797 apud
806 1716 951 1793 Suidam,
973 1716 1004 1777 in
1035 1722 1134 1798 primo

54 1799 153 1877 operis
174 1796 252 1857 libro
280 1818 328 1859 res
359 1808 454 1879 gestas
474 1798 631 1862 Iustiniani
673 1816 768 1881 usquc
804 1799 843 1859 ad
864 1802 929 1860 eius
948 1800 1067 1861 obitum
1084 1823 1136 1862 re·

51 1878 157 1941 tulerit
185 1894 303 1943 necesse
333 1891 399 1959 est,
435 1900 554 1943 exorsus
574 1880 614 1941 ab
642 1902 722 1942 anno
745 1883 795 1942 53.
815 1883 949 1943 eiusdem
966 1884 1137 1946 Iustiniani.

50 1961 171 2023 Etenim
196 1962 340 2046 Agathias
361 1966 393 2024 in
420 1964 471 2023 32.
486 1963 567 2025 illius
587 1986 666 2025 anno
688 1965 835 2042 desierat,
857 1965 888 2024 in
907 1967 1035 2026 victoria
1054 1966 1136 2029 scili·

51 2055 99 2105 oet
119 2043 252 2107 Belisarii
275 2046 313 2107 de
334 2044 507 2128 Zabergane
536 2058 566 2107 et
596 2046 772 2130 Cutrigruis.
816 2049 917 2125 Quam
948 2049 1071 2131 quidem
1098 2071 1136 2111 eo

49 2150 132 2189 anno
153 2132 311 2211 contigisse
330 2141 480 2191 testantur
501 2128 702 2211 Theophanes
722 2153 757 2192 ac
773 2130 946 2209 Cedrenus,
968 2143 998 2192 et
1018 2131 1154 2194 Auctor·
1200 2188 1204 2196 .

48 2208 192 2273 historiae
218 2212 381 2274 Miscellae.
430 2212 511 2275 Male
538 2234 607 2295 ergo
629 2214 735 2273 Victor
764 2214 956 2276 Tununeusis
985 2215 1017 2275 id
1044 2217 1137 2279 refert

49 2314 131 2355 anno
156 2294 206 2357 35.
233 2297 425 2378 Imperatoris
445 2298 615 2376 Iustiniani,
637 2296 913 2378 postconsulatum
932 2297 1034 2362 Basilii
1054 2317 1136 2359 anno

48 2396 115 2454 20.;
137 2382 190 2458 qui
211 2390 240 2439 et
261 2382 292 2439 in
313 2400 349 2439 co
364 2379 496 2457 fallitur,
517 2380 598 2463 quod
622 2402 672 2441 eos
686 2380 813 2441 Hunnos
832 2378 975 2457 Bulparos
995 2381 1137 2463 appellat.

50 2458 188 2521 Sclavini
210 2461 241 2521 in
262 2462 388 2523 historia
406 2460 540 2523 Miscella
561 2464 705 2523 dicuntur
725 2464 832 2523 maiori
852 2460 951 2523 adhuc
971 2486 1083 2525 errore.

131 2544 353 2625 Pag.153.A.
375 2543 463 2628 [3ήῇ
486 2544 548 2629 ip]
570 2536 793 2624 ὅτιἎμμιγος.
835 2546 893 2607 Hic
912 2546 1061 2629 Amingus
1079 2546 1128 2609 di·

46 2625 129 2687 citur
142 2648 159 2687 a
175 2626 272 2687 Paulo
292 2625 346 2687 lib.
360 2646 390 2687 2.
409 2627 551 2691 historiae
567 2629 857 2711 Longobardorum:
900 2628 1046 2709 Anrr'ugus
1056 2650 1128 2691 uero

45 2708 122 2769 chrm
147 2708 200 2769 W
196 2710 290 2785 ailino,
305 2710 467 2771 Gothorum
488 2712 606 2791 Camiri,
627 2727 730 2773 contra
748 2712 900 2771 Narsetem
913 2714 1055 2773 rebellare
1066 2726 1127 2797 pne*b

43 2794 133 2853 tanti
151 2794 269 2855 aemilio
295 2814 355 2853 esse
382 2816 442 2855 nora
470 2794 600 2871 martir,
623 2798 716 2857 vienn
738 2796 870 2855 Nar-setis
886 2796 990 2875 gladio
1007 2799 1134 2879 perimi·
1160 2839 1164 2851 .

43 2888 116 2955 tur,
143 2875 290 2937 Widirms
310 2890 412 2959 captur
432 2878 610 2957 Byzantium
638 2880 772 2939 mittitur.
812 2878 861 2938 Sic
880 2878 970 2938 etiam
993 2882 1134 2939 nomina-

42 2967 98 3017 tur
120 2959 160 3019 ab
181 2958 326 3020 Aimonio
348 2961 379 3019 in
400 2958 454 3019 lib.
477 2980 508 3019 2.
528 2960 599 3021 hist.
619 2961 732 3021 Franci
745 2971 774 3021 et
794 2958 834 3021 ab
856 2961 1030 3024 Hermanno
1052 2960 1135 3022 Con·

43 3051 146 3103 tracto
165 3044 197 3102 in
220 3042 390 3117 Chronico,
419 3044 502 3123 quod
527 3044 641 3105 editum
672 3056 716 3104 est
736 3067 754 3104 a
775 3040 906 3103 Canisio.
947 3046 984 3105 ln
1007 3044 1134 3126 Appen·

42 3123 114 3185 dice
139 3146 213 3186 vero
239 3124 408 3187 Marcellini
440 3126 581 3202 Comitis,
618 3148 653 3187 ex
672 3149 733 3209 qua
756 3126 948 3188 Hermannus
977 3126 1052 3191 hoec
1081 3128 1134 3189 de·

42 3210 377 3290 sumpsit,omninrgus
396 3228 552 3291 perperam
575 3222 725 3285 exaratur,
758 3232 928 3292 annusque,
950 3233 1012 3293 quo
1032 3211 1136 3271 aNar·

40 3300 108 3351 sete
131 3290 267 3351 devictus
287 3302 350 3368 est,
372 3290 450 3351 male
470 3294 660 3375 designatur,
683 3314 754 3353 cum
773 3292 849 3353 haec
863 3292 963 3356 clades
981 3314 1062 3355 anno
1082 3294 1135 3355 53.

41 3373 218 3447 Iustiniani,
244 3386 278 3434 ut
299 3375 468 3448 minimum,
492 3378 661 3459 contigerit.

132 3456 213 3537 Peg.
239 3460 306 3519 133.
319 3459 354 3517 B.
376 3456 465 3541 ΜΘ,
483 3459 523 3541 3.]
548 3453 589 3531 ὥς
610 3456 666 3519 οὐκ
686 3454 827 3521 ἐνδώσω.
868 3452 950 3519 Male
969 3454 1045 3519 haec
1065 3475 1135 3520 ver·

37 3538 86 3601 ba
107 3540 201 3599 vertit
228 3540 387 3622 Interpres·
438 3542 517 3601 Vide
539 3541 729 3603 collectanea
759 3555 895 3603 veterum
915 3542 1128 3603 historicorum

37 3621 82 3681 de
103 3620 255 3700 Francis,
284 3644 361 3705 quae
382 3622 420 3685 ab
442 3622 565 3687 Andrea
588 3626 629 3685 du
664 3625 781 3686 Clresne
808 3626 881 3685 olim
901 3635 972 3683 sunt
996 3626 1075 3685 edita
1096 3627 1129 3687 in

36 3716 130 3765 tomo
154 3726 180 3765 1.
201 3727 303 3766 rerum
325 3708 560 3788 Francicarum,
588 3698 640 3769 ubi
661 3708 743 3769 huuc
774 3707 875 3768 locum
895 3718 925 3766 et
945 3708 1019 3769 alios
1039 3730 1131 3790 quos·

35 3787 116 3847 dam
138 3788 327 3871 interpretati
347 3810 460 3851 sumus.

128 3872 209 3953 Pag.
235 3872 349 3933 135.st
371 3872 458 3955 [hili
493 3870 556 3957 ru]
585 3872 708 3937 στέλλει
733 3870 877 3953 Πέτρον,
911 3863 944 3945 ὃς
963 3866 1025 3933 raia
1048 3864 1129 3932 rard

35 3946 99 4031 τὴν
122 3949 226 4035 αὐλήν
246 3949 414 4033 ταγμάτων
434 3948 548 4035 ἡγεῖτο.
591 3959 702 4017 Verte:
733 3959 857 4017 Petrruu
870 3958 1048 4037 Magistrum
1064 3952 1132 4034 offi-

34 4034 171 4097 ciorum.
208 4038 257 4099 Sic
279 4042 360 4098 enim
375 4040 481 4099 Graeci
503 4060 569 4101 eam
589 4040 767 4122 dignitatem
790 4041 946 4123 designare
967 4039 1075 4114 solent,
1096 4040 1167 4118 uti.
1187 4046 1239 4119 nd

35 4119 152 4181 notavi
169 4120 208 4181 ad
217 4117 331 4183 librum
342 4121 393 4183 26.
401 4122 554 4185 Amnaiani
564 4122 744 4203 Marcellini,
753 4146 784 4205 p.
794 4123 866 4188 διδ.
879 4124 958 4185 Sane
965 4121 1132 4185 Menander

75 4232 242 4306 Dexippus,
261 4236 409 4309 Eutropius
429 4250 479 4293 etc.
901 4238 933 4293 ³5
