2734 4634
259 190 469 259 moenum
495 195 523 261 n
549 186 704 258 ulmus
734 181 939 262 ursronm.
1056 167 1139 271 ολδ

75 343 159 411 πόθει
179 341 379 434 άπέδραμεν,
401 343 541 430 όφειδάς
561 337 618 425 dns
639 345 673 409 δν
693 346 784 411 ποσίν
803 342 892 436 εόροι
912 349 1010 415 καίων
1031 373 1066 414 τε
1086 347 1141 414 καί
1149 365 1178 418 Α.
1188 363 1216 418 c·
1227 362 1278 436 ⁴7⁹

74 441 224 532 φονεύων,
245 441 302 506 καί
317 440 376 528 τὴν
395 441 520 528 προότην
534 445 593 538 Ατῆς
613 445 818 523 Μακεδονίας
836 444 937 531 πόλιν,
966 447 1038 526 τούς
1060 436 1231 560 Eri-{w

72 547 149 625 βους,
167 538 344 628 ἐπόρθησε,
365 539 420 604 καί
438 545 501 606 ταῖν
520 564 556 625 γε
577 547 777 628 στρατιωτῶν
799 547 862 610 τῶν
880 545 980 635 ταότῃ
998 547 1140 634 ε’μφρου-
1163 513 1269 564 ⁰⁰⁰⁰¹⁶

72 643 202 722 ροόντων
219 639 295 715 τούς
316 640 520 716 ἀντιστάντας
541 639 732 707 άπόκτεινεν.
767 639 811 719 ὥς
832 645 867 709 δὲ
887 647 925 732 τῇ
948 645 1140 711 Θεσσαλονί-

57 750 105 828 5ιφ
124 739 251 824 ἐγγόθεν
270 737 449 827 ἐφεδρεύων
469 741 605 824 ἠγγέλθη
626 739 645 803 ό
664 740 845 826 βάρβαρος,
866 737 978 809 αότίκα
1003 743 1032 810 οἱ
1051 733 1141 809 πολί-

72 865 120 905 ται
151 837 333 920 νομίσαντες
362 841 397 902 ἑκ
423 835 516 901 δόλου
544 835 584 903 τά
613 842 648 904 ἐν
675 841 713 926 τῇ
742 845 912 931 προτεραίρι
946 843 1140 926 άνεγνῶσθαι

72 937 235 1022 γράμματα
263 934 320 1001 καί
341 933 398 1021 τήν
424 935 517 1002 πόλιν
547 933 721 1020 βοόλεσθαι
742 937 876 1024 Ζήνωνά
900 963 934 1005 τε
965 944 1020 1007 καί
1039 939 1164 1014 adrieli

73 1036 170 1124 ε’κείνφ
190 1037 406 1120 παραδοῦναι,
436 1037 671 1124 συστραφέντες
697 1037 731 1101 ἐν
751 1042 861 1124 σφίσιν
882 1033 989 1117 αότοῖς
1009 1037 1068 1116 τάς
1087 1044 1146 1106 roci

75 1132 208 1218 Ζήνωνος
228 1134 347 1219 στήλας
366 1135 598 1218 καταβάλλουσι
618 1134 739 1219 πάσας,
760 1140 816 1203 καί
835 1137 929 1205 αότόν
950 1136 1147 1226 ὁρμήσαντες

41 1233 124 1304 τοτόν
142 1230 285 1319 όπαρχον
303 1235 425 1316 ἕτοιμοι
446 1234 621 1299 διασπάσαι
641 1227 732 1320 ἦσαν.
753 1233 783 1301 οῖ
804 1237 840 1302 δὲ
860 1236 1060 1321 κομισάμενοι
1080 1241 1144 1324 πόρ

75 1332 123 1398 ε’πί
140 1331 173 1398 τό
197 1333 327 1418 άρχεῖον
345 1331 541 1421 ἐμπιπράναι
560 1331 706 1418 ἔμελλον,
728 1339 758 1402 εἰ
776 1335 820 1420 μὴ
841 1335 1085 1424 ὑποφθάσαντες
1102 1335 1143 1402 τά

73 1457 104 1497 τε
128 1430 200 1520 ἱερά
221 1434 294 1517 γένη
322 1435 378 1497 καί
398 1430 428 1498 οἷ
448 1435 482 1500 ἒν
500 1442 569 1512 ταῖς
592 1434 695 1514 α’ξίαις
716 1432 895 1522 ἑξήρπασόν
914 1461 949 1501 τε
970 1433 1068 1502 αὐτόν
1087 1439 1144 1520 τῆς

73 1526 159 1618 όργῆς
179 1535 238 1618 τῆς
258 1535 316 1597 τοῦ
338 1531 462 1618 δῆμον,
492 1532 548 1597 καί
564 1532 599 1598 τό
621 1535 776 1600 άτακτοόν
796 1532 898 1619 λόγοις
917 1539 1031 1622 πραὲσι
1051 1540 1144 1601 κατέ-

72 1637 202 1714 στειλαν,
223 1633 372 1716 λέγοντες,
396 1623 469 1697 odra
493 1629 590 1698 αότόν
610 1632 709 1702 αἴτιον
728 1627 809 1700 εἶναι
829 1633 961 1719 codron,
998 1627 1068 1698 οὔτε
1089 1633 1145 1698 τόν

41 1733 197 1813 ιδβασιλέα
216 1733 258 1818 τῇ
286 1727 376 1794 πόλει
404 1756 437 1796 τι
465 1726 658 1818 δυσχερὲςῆ
690 1733 784 1799 κακόν
814 1738 1061 1817 βεβουλεῦσθαι,
1089 1735 1218 1818 ‘istit

70 1855 100 1895 τε
118 1829 238 1904 πόλεως
256 1833 376 1915 χρῆναι
395 1829 592 1915 ποιήσασθαι
613 1831 773 1919 φυλακήν,
798 1828 856 1924 ότφ
877 1829 917 1898 dv
938 1836 1070 1898 ἐθέλωσι
1091 1831 1145 1898 καί

19 1970 21 1976 ,
70 1924 110 1997 δν,
126 1927 276 2013 ἡγοῦνται
315 1927 427 1993 πιστόν
466 1931 682 2016 ἐπιτρέποντες
708 1931 836 2018 ταύτην.
879 1931 909 1997 οἱ
930 1935 965 1998 δὲ
985 1930 1041 2006 τάς
1060 1937 1144 2009 κλεῖς

20 2017 23 2024 ’
70 2030 254 2093 τῶνπυλῶν
275 2029 311 2093 ἔκ
329 2031 387 2094 τοῦ
422 2028 569 2116 όπάρχου
602 2028 750 2113 λαβόντες
770 2035 813 2121 τῷ
846 2033 993 2118 α’ρχιερεῖ
1009 2029 1145 2114 ἔδοσαν,
1200 2021 1206 2039 x

71 2131 121 2192 καί
137 2125 201 2193 άπό
222 2131 286 2193 τάν
306 2125 437 2195 ἐνόντων
457 2128 602 2217 φρουράν
623 2131 802 2216 ἐπενόησαν,
816 2129 859 2208 oie
879 2131 1042 2216 ἠδύναντο,
1058 2131 1146 2195 πλεί-

37 2251 155 2311 noctus,
185 2228 246 2292 καί
270 2226 328 2293 τόν
357 2227 530 2316 στρατηγόν
557 2228 712 2315 ἔστεργον.
753 2233 788 2296 δν
817 2233 852 2296 δὲ
871 2225 972 2318 τοότιρ
994 2227 1011 2293 ό
1032 2226 1145 2314 Ζήνων

69 2327 243 2410 πυθόμενος
276 2324 331 2392 τόν
360 2332 529 2412 κατέχοντα
555 2331 723 2411 κίνδυνον,
751 2332 806 2394 καί
830 2328 916 2411 ίδάν,
944 2327 998 2412 ὥς,
1021 2323 1148 2402 οὐδενός

68 2429 258 2510 βουλομένου
275 2423 448 2512 μάχεσθαι,
461 2422 587 2515 ἄριστον
608 2427 657 2516 εἴη
675 2431 825 2505 σπονδαῖς
847 2429 890 2505 ὥς
911 2430 944 2494 όν
964 2437 1071 2504 κακοῖς
1089 2450 1147 2510 μοι

132 2599 158 2635 a·
181 2577 310 2649 Στόβονε
323 2577 365 2642 Νι,
381 2576 482 2648 τόβονε
494 2581 566 2649 vulg.
639 2599 681 2636 so.
697 2577 829 2653 ὕπαρχον
843 2557 886 2644 u„
903 2577 1032 2650 ἔπαρχον
1049 2543 1120 2648 vulg.

19 2770 28 2779 ,,
69 2723 156 2788 scirit,
184 2722 493 2810 elingiensquicqoid
513 2723 677 2796 antepedes
696 2725 903 2788 consulendis,
933 2721 1002 2776 ussit
1019 2729 1048 2775 et
1064 2739 1146 2775 neca-

29 2836 32 2840 Δ
68 2797 112 2856 sit,
130 2804 159 2848 et
168 2797 296 2866 primam,
314 2809 384 2866 quae
402 2797 444 2846 ills
461 2795 543 2848 obvia
561 2797 629 2854 fuit.
646 2795 821 2850 Macedoniae
841 2795 944 2858 urbem,
953 2794 1061 2858 Stobos,
1071 2809 1146 2844 ever·

68 2864 108 2927 tit,
127 2875 155 2918 et
173 2866 305 2928 militum,
324 2866 372 2935 qui
387 2865 446 2918 illie
461 2869 491 2918 in
507 2867 649 2936 praesidiis
668 2873 754 2930 eraut,
773 2881 874 2928 omnes,
891 2867 937 2938 qui
957 2867 1080 2916 resistere
1097 2881 1146 2914 au-

69 2934 175 3002 debant,
193 2936 344 2989 interfecit
386 2937 421 2988 Ut
437 2952 501 2986 vero
519 2941 673 2990 nuntiatum
693 2946 744 3001 est,
761 2937 906 2986 barborum
926 2933 1146 2988 Thessaloniecm

29 3032 30 3035 ¹
67 3013 171 3074 petere,
195 3005 394 3058 statim'urbis
419 3007 527 3059 incolae
559 3007 595 3059 nd
614 3006 738 3058 fraudem
763 3005 911 3059 faciendam
934 3006 1038 3056 litteras
1056 3003 1147 3072 pridie

66 3078 190 3130 recitatas
212 3095 272 3129 esse
290 3095 334 3129 sus
356 3077 436 3140 ionii,
455 3085 483 3129 et
500 3079 631 3130 Zenonem
650 3078 794 3146 ipsumque
814 3078 979 3146 praefectum
997 3075 1098 3126 hebere
1116 3075 1148 3124 in

66 3147 271 3210 animo,urbem
288 3094 403 3199 bardam
424 3147 538 3210 tradere,
557 3149 694 3200 seditione
712 3146 793 3211 sacca,
813 3149 871 3198 eius
890 3155 991 3200 statues
1004 3145 1147 3206 deliciunt,

27 3246 30 3253 ›
69 3220 279 3284 etpraciectum
296 3217 426 3288 aggressi,
448 3219 482 3270 ad
500 3219 590 3285 ipsum
608 3216 781 3270 mulcendum
801 3217 888 3286 parati
906 3225 996 3279 erant,
1024 3224 1051 3266 et
1068 3229 1148 3283 prae-

25 3347 29 3354 *
66 3290 181 3354 terium,
207 3292 273 3359 igne
292 3289 384 3351 illato,
409 3289 608 3351 incendissent,
631 3289 686 3340 nisi
706 3287 771 3340 ordo
791 3305 865 3340 secra
891 3288 1092 3357 procurantium
1118 3291 1148 3336 et

67 3360 238 3426 magistratus
279 3361 481 3420 raevenientes,
507 3359 602 3428 populi
620 3360 676 3411 irae
696 3357 1086 3427 praefectum·subduxissent
1119 3359 1148 3408 ct

67 3429 184 3482 lurorcru
206 3375 299 3500 pledis
317 3429 424 3481 blandis
449 3429 538 3480 verbio
556 3429 791 3499 compescuissent.
827 3427 962 3482 Dicebant
983 3424 1065 3486 enim,
1083 3439 1147 3476 eum

66 3517 120 3551 non
136 3518 198 3553 esse
221 3501 317 3553 horum
335 3499 468 3551 malorum
488 3516 609 3562 causam,
631 3517 722 3569 neque
739 3503 930 3568 Imperatorem
949 3494 1017 3546 male
1037 3495 1148 3562 consul·

18 3592 28 3623 τ
66 3577 122 3620 tum
139 3571 249 3623 civitati
266 3571 355 3632 velle,
372 3579 422 3622 aut
434 3571 476 3622 illi
493 3569 605 3621 adversa
622 3571 728 3638 cupere.
767 3571 900 3640 Oportere
914 3581 976 3617 sane
987 3565 1148 3634 diligentem

27 3660 29 3664 ·
65 3641 219 3695 custodiam
238 3641 356 3692 civitatis
375 3655 466 3708 egere,
492 3656 606 3711 eamque
629 3641 795 3692 committere
816 3639 859 3692 cui
885 3637 1022 3688 voluerint
1052 3651 1148 3708 quem·

26 3718 28 3721 '
67 3729 119 3781 qne
138 3712 196 3768 ribi
219 3711 301 3763 fidum
320 3727 378 3762 esse
396 3713 579 3779 cognoverint
615 3712 711 3782 itaque
730 3712 818 3763 claves
839 3705 955 3759 civitatis
974 3723 989 3756 a
1009 3703 1148 3775 praesecto

67 3790 247 3851 acceperunt,
274 3789 303 3832 et
326 3779 531 3900 archiepiaoogo
554 3779 734 3844 tradiderunt,
758 3787 815 3832 torn
835 3794 867 3828 ex
885 3775 928 3828 hir
947 3776 1061 3846 opibus,
1079 3790 1149 3845 quae

19 3876 20 3879 ¹
66 3850 117 3902 sibi
141 3862 203 3904 turn
234 3852 362 3919 temporis
379 3860 493 3921 suppete
514 3860 577 3914 ant,
594 3868 674 3921 quarn
692 3849 925 3917 diligentissimam
937 3853 1086 3916 potuerunt
1100 3861 1149 3895 cu⁴

66 3922 185 3973 rtodiarn
205 3921 386 3972 instituerunt
404 3930 432 3973 et
449 3923 547 3973 ducem
566 3923 716 3992 elegerunt.
751 3919 858 3972 Interea
875 3921 944 3970 Zeno
964 3935 1022 3968 cuns
1042 3916 1150 3967 audiret

19 3990 39 4019 ²²
69 3992 215 4044 imminens
234 3991 394 4060 periculum,
411 3999 440 4042 et
455 3993 575 4058 videret,
588 3995 719 4062 optimum
740 4006 812 4052 esse,
830 3987 1051 4062 quandoquidem
1069 3995 1155 4036 nemo'

25 4070 38 4103 Ξ
67 4075 188 4133 pugnare
209 4062 336 4127 volebat,
355 4061 558 4118 conditionibus
576 4070 609 4118 ut
627 4066 657 4117 in
677 4059 769 4118 dubiis
788 4059 868 4115 rebus
892 4057 1063 4132 nequissimis
1084 4055 1151 4108 bar·
