2734 4634
414 199 722 285 rannemirus„

27 368 144 432 ›btulu
163 381 194 434 et
212 377 329 438 vinctos
349 372 444 436 oculis
464 375 654 459 domitosque
675 386 844 459 tyrannos,
895 351 899 358 .
937 353 941 360 Ι

27 481 101 532 inte
121 473 213 554 pedes
228 485 341 537 vestros
359 474 464 536 mediis
477 473 665 538 Circensibus
684 485 777 537 actos.

100 571 249 636 Aemilius
265 574 421 658 quondam
436 573 570 652 Paulus,
592 574 772 638 fortissimus
795 572 865 651 ille,

27 669 67 730 iic
95 693 198 756 regem
216 672 344 748 Persen,
371 672 484 756 populo
494 683 646 757 spectante
659 674 792 749 Latino,

27 769 170 832 lurribus
188 773 324 834 invectus
337 773 496 854 Tarpeiam
511 773 601 834 traxit
617 773 657 834 ad
674 793 799 851 arcem,

27 867 214 952 'lacavitque
232 873 335 933 Iovem
349 871 494 954 Capitolia
514 872 628 955 templa
651 883 816 934 tenentem.

27 967 221 1052 >mnipotcns
239 971 292 1032 sed
304 982 336 1033 te
351 971 501 1053 Superum
515 973 669 1055 conspexit
692 972 733 1032 ab
749 991 841 1053 arce,

27 1066 155 1129 iumine
171 1067 339 1151 placentem
360 1070 513 1150 caelestia,
534 1069 648 1153 templa
668 1073 810 1134 tenentis.

27 1165 172 1248 luspiciis
190 1171 305 1251 gaude,
325 1173 492 1252 Princeps,
513 1170 648 1232 felicibus
670 1169 779 1232 aulae!

27 1265 79 1326 lui
98 1267 181 1330 Deus
198 1273 389 1351 omniparens
410 1269 617 1332 renovandum
637 1269 765 1331 credidit
781 1271 911 1354 orbern,

27 1366 235 1451 iustitiamque
250 1367 335 1430 iubet
355 1367 534 1431 descendere
555 1389 660 1431 rursus
677 1367 717 1430 ab
733 1389 809 1449 axe,

27 1464 63 1524 Et
78 1464 180 1529 faciles
200 1468 339 1549 precibus
356 1467 540 1550 populorum
554 1467 694 1550 praebuit
712 1487 812 1531 aures.

27 1563 165 1640 Quorum
182 1577 345 1648 prostratas
360 1567 501 1630 remeasti
516 1566 652 1628 funditus
673 1566 764 1628 urbes

27 1661 168 1726 Portibus
188 1676 219 1727 et
236 1669 349 1750 muris,
368 1667 519 1730 undarum
537 1677 569 1728 et
588 1667 734 1733 tractibus
756 1665 834 1737 aliis.
923 1711 927 1718 ·

27 1759 113 1824 lunc
129 1774 197 1825 tuto
212 1775 321 1826 nautae
331 1777 472 1852 repetunt
491 1766 541 1828 hic
555 1769 632 1828 ostia
650 1764 744 1843 velis,

27 1864 89 1941 Qui
101 1862 194 1926 dubio
209 1865 362 1948 quondam
377 1866 480 1948 peiora
497 1865 631 1949 pericula
655 1877 750 1950 ponto

27 1961 92 2021 lam
112 1965 224 2045 patrias
243 1985 311 2026 oras
326 1963 496 2028 tolerabant
520 1985 599 2028 nave
615 1975 772 2049 tenentes3

27 2061 229 2145 Naufragium
246 2064 375 2126 mribus
387 2065 470 2128 sessis
492 2068 622 2128 statione
642 2066 799 2147 minante,

27 2162 165 2224 Disiectis
187 2162 344 2239 claustris,
367 2163 478 2248 quibus
490 2185 605 2246 aequor
624 2165 774 2249 stangitm
797 2165 903 2230 altum.

27 2261 87 2321 sed
104 2282 183 2322 nunc
198 2275 270 2325 vota
287 2264 354 2324 Deo
372 2265 482 2325 servati
501 2274 622 2345 pectore
639 2274 704 2326 toto

27 2361 91 2424 Pro
105 2365 215 2443 pietate
232 2373 308 2440 tua,
329 2383 390 2446 qna
412 2365 536 2445 respicis
552 2365 675 2441 omnia,
693 2362 835 2428 fundunt.

112 2461 267 2544 Agricolas
282 2464 426 2524 miserans
441 2461 596 2544 dispendia
613 2483 702 2524 saeva
721 2461 858 2544 relaxas3

27 2562 123 2622 Curia
144 2563 290 2644 perversis
313 2583 384 2624 narn
409 2573 502 2622 cessat
518 2560 653 2622 moribus
671 2565 787 2641 omnis,

27 2663 93 2724 Nec
106 2662 176 2723 licet
190 2663 308 2724 iniustis
328 2662 416 2724 solito
431 2671 624 2722 contemnere
643 2661 731 2745 leges.

27 2761 121 2822 Nunc
135 2764 248 2846 equites
265 2761 392 2823 horrent
412 2771 563 2822 rectorum
584 2761 663 2822 iussa
681 2759 843 2836 vehentes,

27 2861 96 2924 Nec
111 2861 186 2922 lucri
205 2883 293 2924 causa
314 2864 507 2922 commiscent
530 2881 615 2921 sacra
636 2859 781 2944 profanis.

27 2961 146 3025 ludicis
167 2963 231 3044 ipse
246 2961 352 3023 sedens
372 2961 460 3020 iudex
482 2959 617 3020 caelestis
639 2961 738 3042 imago

27 3063 95 3124 Per
115 3071 146 3122 te
167 3062 329 3145 respondes
347 3057 466 3142 populis
483 3059 605 3120 oracula
624 3069 746 3138 sancta,

27 3163 146 3224 Proicis
160 3172 190 3223 et
209 3161 324 3236 nullos,
346 3161 404 3221 nisi
425 3162 478 3242 qui
496 3180 557 3220 non
572 3161 650 3220 iusta
667 3171 840 3242 reposcunt.

31 3265 155 3324 Aurum
172 3283 233 3324 non
247 3261 393 3333 adhibes,
413 3259 602 3320 moderantes
617 3270 689 3320 ante
707 3258 845 3321 solebant

33 3363 126 3441 Quod
148 3362 240 3442 dare,
264 3384 302 3424 ne
317 3361 406 3422 liceat
427 3361 523 3421 socios
544 3369 679 3422 evertere
701 3359 812 3438 lintis,

31 3462 241 3546 Exemploque
265 3461 354 3523 doces
370 3467 529 3544 quaestum
546 3470 739 3520 contemnere
756 3469 891 3544 turpem.

30 3563 162 3624 Tirones
177 3563 247 3622 lorti
268 3581 410 3623 numeros
430 3579 512 3620 nunc
529 3557 625 3619 milite
642 3557 794 3642 complent
799 3604 810 3634 ,

32 3662 177 3744 Veroque
196 3683 258 3722 non
276 3663 389 3744 pretio,
410 3658 463 3722 sed
480 3657 604 3733 robore,
626 3659 710 3742 signa
733 3665 897 3718 merentur.

120 3761 222 3839 Quid,
244 3761 328 3843 quod
342 3759 493 3842 dispensas
510 3757 635 3820 cerealia
653 3779 780 3820 munera
793 3758 894 3831 vitae,

32 3863 171 3926 Luxurie
194 3861 358 3944 prohibens
383 3859 474 3920 urbes
494 3868 659 3941 cannasque
675 3857 784 3919 icturi.

33 3961 96 4028 Nec
111 3979 235 4026 sensum
249 3958 367 4052 populis
386 3956 459 4020 caeli
476 3958 622 4042 paenuria
644 3956 787 4050 praebet,

109 4078 166 4140 add
189 4076 235 4136 lic
253 4073 343 4143 cnut,
360 4077 411 4133 vic
431 4073 491 4140 cod,

1016 191 1116 284 5231·

1042 677 1101 768 175

1044 1178 1102 1241 180·
