2734 4634
187 129 281 210 χιιι
610 124 664 188 us
692 119 836 188 amno.

191 281 343 364 impellere
355 282 487 363 potuerit
502 279 541 342 ad
563 278 720 340 scribenda
737 296 815 358 quoe
830 320 840 353 ,
853 283 890 336 ut
908 272 1035 355 quisque
1052 266 1200 350 pmlixiut
1223 269 1298 326 61Ιῖ

191 381 313 456 brevius
331 391 453 448 narrata
462 389 631 463 quaereret,
644 377 735 459 vulgo
756 375 996 438 inveniebantur.
1039 371 1110 432 Non
1123 379 1240 428 tamen
1266 385 1297 424 a

191 482 480 562 Tiberio'inoepisse
489 513 528 524 -
540 478 573 540 id
586 478 668 560 quod
677 498 732 559 per
741 497 773 536 se
783 476 868 536 omni
877 483 992 534 cureret
1000 467 1297 554 probabilitate,-

192 579 243 664 sed
257 583 317 642 iam
331 581 369 641 de-
380 580 537 663 Augusto‚
563 577 847 656 Triumviratusque
860 585 994 655 tempore
1007 574 1119 654 egisse,
1138 564 1298 649 pmbant

194 681 359 763 fragmenta
378 702 456 763 quae
470 681 501 740 in
517 675 619 740 libello
630 677 823 760 Seguieriano
839 673 878 734 de
897 677 1014 756 syntaxi
1025 676 1128 739 inveni
1144 674 1202 753 ⁸⁴).
1229 669 1292 731 Ex

194 781 242 852 his
252 780 386 845 alterum
397 780 613 861 apudDionem
622 779 758 839 Cassium
765 775 869 840 iisdern
883 798 977 859 prope
987 778 1088 842 verbis
1102 777 1293 862 legitur-⁸³),

195 881 277 966 quod
304 881 341 941 de
365 880 402 940 sr.
427 880 458 960 4.
484 881 515 943 5.
537 901 570 962 p.
600 880 668 940 123.
687 879 737 939 od.
759 879 806 957 B.,
824 876 934 941 collata
954 877 1043 962 legat.
1063 878 1131 942 Lll.
1145 899 1180 960 p.
1200 877 1291 958 dor.

195 981 315 1058 Ursini,
336 979 507 1041 observavit
529 977 683 1040 Valesius:
706 977 788 1038 unde
808 980 981 1038 coniectura
1000 988 1083 1038 certa
1099 978 1201 1039 oritur
1217 977 1293 1038 Pe-

195 1091 278 1140 trum
294 1079 370 1140 nihil
392 1079 476 1140 aliud
494 1101 585 1162 quam
605 1079 713 1139 Dionis
732 1078 917 1138 breviarium
941 1076 1101 1138 oonl'ecisse
1123 1087 1292 1158 quatenus

195 1180 286 1246 huius
298 1180 558 1264 historiapateret.
581 1179 646 1238 lam
662 1199 736 1240 vero
747 1199 842 1260 quum
858 1178 1174 1256 continuatorDionis,
1190 1178 1293 1238 cuius

197 1278 314 1364 eclogas
338 1279 381 1340 ill.
397 1283 495 1357 Maius
511 1283 545 1340 in
564 1277 653 1340 titulo
672 1277 711 1338 de
724 1279 877 1340 sententiis
891 1277 1027 1353 invenit,
1047 1288 1196 1360 quantmn
1208 1297 1293 1358 spa·

197 1381 239 1450 tia
262 1381 361 1442 metiri
381 1378 467 1454 licet,
490 1401 552 1440 non
578 1377 709 1440 multum
730 1377 809 1439 infra
831 1378 1063 1441 Constantinum
1083 1379 1128 1438 M.
1151 1377 1294 1439 descen-

198 1479 297 1559 derit,
320 1501 380 1539 non
403 1482 563 1544 temeraria
580 1479 779 1542 hariolatione
794 1479 869 1548 mibi
888 1479 1023 1561 persuasi
1047 1499 1118 1538 essm
1129 1531 1133 1541 .
1145 1497 1213 1539 non
1236 1477 1296 1538 di-

199 1599 322 1660 versum
337 1601 355 1638 a
371 1579 463 1640 Petro
478 1601 561 1640 esse:
584 1581 623 1640 ad
638 1597 730 1661 quam
748 1578 927 1640 firmandam
947 1577 1087 1638 nonnihil
1102 1575 1292 1648 secederet,

199 1680 225 1742 si
259 1676 446 1759 exploratum
474 1689 550 1740 esset
585 1685 802 1760 imperatorum
826 1679 950 1739 nomina
976 1676 1087 1759 quibus
1112 1677 1170 1736 ista
1198 1675 1294 1757 apud

200 1777 317 1836 Maium
332 1798 387 1858 pro
409 1775 555 1838 lemmatis
585 1777 812 1861 distinguuntur
830 1779 863 1838 in
883 1776 986 1838 codice
1010 1778 1053 1837 sic
1075 1775 1173 1857 posita
1196 1795 1291 1836 eme:

202 1895 274 1936 nam
291 1877 396 1936 eadem
412 1879 528 1939 ratione
550 1882 762 1960 grammaticus
785 1876 837 1939 ille
857 1879 910 1960 qui
932 1876 970 1936 de
1000 1875 1117 1958 syntaxi
1140 1874 1291 1955 scripsit,

201 1974 286 2034 Petri
313 1997 389 2056 opus
421 1979 454 2036 in
479 1987 578 2059 partes
604 1977 781 2038 distinctum
813 1977 956 2038 invenit:
985 1987 1066 2036 certe
1090 1995 1156 2035 non
1186 1972 1295 2034 libro-

202 2093 272 2134 rum
290 2078 445 2153 numeris,
466 2097 562 2159 quos,
577 2088 613 2137 ut
633 2099 751 2158 semper
772 2075 865 2156 alias,
887 2078 1045 2159 posuisset.

213 2235 216 2243 Α
288 2175 449 2238 Praeterea
468 2177 549 2237 idem
571 2177 679 2238 Suidae
699 2179 792 2238 Petro
813 2199 887 2260 opus
910 2171 985 2256 aspi
1009 2171 1166 2254 πολιτικῆς
1187 2193 1293 2234 xera-

207 2267 347 2348 στάσεως
379 2275 540 2337 adscribit:
564 2277 647 2358 quod
673 2276 718 2336 ill.
747 2278 846 2337 Maius
873 2274 942 2336 illos
964 2275 1107 2356 anonymi
1131 2274 1291 2355 scriptoris

206 2372 245 2433 de
264 2395 297 2434 re
317 2372 438 2455 publica
459 2375 592 2458 dialogos
614 2397 678 2436 esse
691 2378 814 2445 coniicit
837 2374 970 2459 quorum
989 2373 1117 2434 Photius
1142 2373 1209 2433 ood.
1228 2373 1283 2455 37.

205 2475 359 2546 meminit,
378 2477 441 2554 ipse
463 2486 564 2534 autem
585 2496 602 2535 e
620 2474 813 2556 palimpsesto
820 2475 970 2535 Vaticano
984 2473 1085 2555 ample
1098 2472 1191 2534 edidit
1204 2473 1288 2555 flag-

206 2582 308 2630 menta
323 2567 398 2650 nepe*
416 2573 572 2652 πολιτικῆς
586 2567 756 2653 ἐπιστήμης
776 2575 927 2654 inscripta.
968 2573 1120 2655 Equidem
1135 2575 1288 2654 inseripti-

209 2673 276 2730 onis
304 2670 510 2736 diversitatem
535 2672 691 2745 omittam‚
720 2693 818 2754 neque
841 2672 958 2753 negabo
976 2672 1070 2733 Petro
1094 2672 1209 2755 placere
1227 2695 1285 2756 po-

208 2771 302 2838 tuisse
321 2779 356 2829 ut
375 2768 469 2830 libros
484 2771 548 2850 sine
566 2775 688 2832 nomine
704 2771 824 2832 ederet:
850 2782 982 2832 attamen
1002 2774 1053 2833 vix
1075 2770 1216 2833 credibile
1236 2773 1285 2833 vi-

209 2868 299 2937 detur
326 2890 392 2930 rem
417 2870 528 2931 Suidae
559 2882 744 2952 compertam
775 2870 864 2935 doato
889 2874 1067 2954 curiosoque
1090 2872 1197 2934 Photio
1222 2892 1285 2932 non

212 2970 401 3054 innotuisse3
425 2980 624 3048 autcontra,
642 2971 767 3031 Suidam
793 2969 913 3033 silentio
943 2972 1094 3032 transiisse
1115 2969 1190 3032 illud
1210 2991 1285 3052 opus

212 3089 273 3150 quo
302 3066 411 3128 Petrus
434 3068 521 3151 Lydo
542 3079 618 3130 teste
639 3071 677 3130 de
697 3072 868 3152 magisterio
886 3069 1053 3132 officiorum
1077 3073 1209 3152 exposuit
1221 3067 1284 3148 illa

213 3188 307 3249 quum
320 3167 351 3226 id
357 3177 457 3228 tamen
471 3171 503 3228 in
515 3167 674 3230 hominum
689 3169 828 3231 manibus
841 3181 1011 3235 versaretur
1022 3169 1139 3232 decimo
1156 3169 1282 3232 sanctulo.

231 3369 276 3436 34)
296 3367 332 3434 Ea
349 3367 439 3435 posita
458 3373 521 3418 siunt
541 3367 725 3434 inirap.136.
785 3365 831 3434 35)
849 3367 956 3420 Petrus:
977 3363 1084 3418 suetus
1099 3373 1159 3425 sote
1173 3367 1283 3436 βουλευ-

282 3444 346 3492 ταῖς
362 3436 496 3506 ἐκδημεῖν
513 3437 565 3498 ἔξω
583 3436 707 3492 Ἰταλίας.
743 3435 796 3487 Dio
814 3437 868 3488 bll.
887 3438 927 3506 41.
941 3455 967 3507 p.
985 3439 1044 3507 693.
1063 3438 1105 3502 34.
1123 3438 1164 3491 ed.
1181 3441 1209 3489 ll.
1234 3440 1284 3490 reni

283 3515 466 3574 npooonstns
483 3508 513 3576 (l.
530 3509 578 3558 καὶ
595 3495 668 3576 πρὸς
687 3504 803 3577 duetus)
822 3510 896 3558 πᾶσι
924 3515 985 3564 τοῖς
999 3507 1168 3576 βουλεύουσι
1182 3495 1217 3579 pi
1233 3509 1281 3561 tn-

284 3574 385 3647 δημεῖν
410 3577 461 3637 ἔξω
485 3579 533 3641 τῆς
554 3578 683 3634 Ἰταλίας.
719 3578 799 3629 Hunc
815 3563 907 3628 locuni
922 3577 1081 3630 adiumento
1107 3578 1203 3631 indicis
1219 3580 1283 3632 liei-

283 3645 398 3698 mariani
420 3647 548 3716 indagare
564 3648 658 3716 potoi3
677 3649 701 3699 is
719 3647 768 3718 qni
787 3649 867 3700 alteri
884 3649 1034 3718 fragmento
1053 3649 1213 3717 respondet,
1228 3651 1280 3703 nisi

283 3733 347 3768 casu
366 3717 482 3780 oblatus,
501 3717 574 3770 baud
591 3717 671 3769 facile
689 3720 852 3770 invenietur.
888 3719 996 3787 Quotus
1013 3721 1086 3770 enim
1096 3723 1208 3790 quisque
1217 3720 1280 3773 adeo

283 3785 452 3848 indefessus,
470 3789 582 3858 otioque
600 3791 746 3839 instructus
767 3796 827 3851 est,
843 3794 875 3842 ut
892 3798 1010 3857 quatuor
1026 3790 1157 3842 vocabula
1178 3807 1221 3861 per
1241 3798 1281 3846 tot

284 3857 370 3912 libros
389 3873 519 3926 quaerero
537 3859 690 3912 sustinuat?
708 3875 791 3928 quum
809 3877 845 3911 ne
863 3860 932 3911 illud
952 3859 1063 3929 quidem
1077 3868 1279 3914 consteteertum

285 3943 346 3991 erse,
369 3928 481 3982 Antonii
498 3947 615 3990 nomen,
640 3947 695 3980 uon
713 3944 803 3980 errore
820 3928 940 4000 positum
959 3946 1009 3998 pro
1028 3930 1167 3983 Antonini.
1198 3931 1281 3992 Verbo

285 4001 395 4072 quidem
413 3999 559 4055 θωπεύειν
581 4015 662 4080 saepe
681 4001 769 4051 utitor
788 4001 849 4053 Dio.
924 4000 970 4070 36)
988 4000 1063 4055 infra
1080 4004 1186 4060 intest
1212 4057 1219 4070 ⁴
