2734 4634
362 161 571 235 amrum
599 161 807 231 marom.
1047 134 1125 223 251

42 320 235 402 Ἐπίδαμνον
254 315 419 402 λαμβάνει.
461 315 667 401 Ἅδαμέντιος
687 319 843 386 δὲταῦτα
863 313 1041 401 πυθόμενος
1059 321 1274 407 rapo-Men

45 422 167 500 πέμπει
183 419 249 485 τοῦν
275 416 396 482 ἱππέων
414 419 480 484 reia
498 420 668 501 βασιλείων
686 415 756 484 τινό
766 467 777 500 ,
802 413 860 495 οῦς
887 394 1268 521 μαγιστριανοόςὲζζὲοζ16

44 520 202 601 καλοῦσι,
224 510 427 605 μεμφόμενός
445 540 479 582 τε
501 511 587 605 admi
605 514 694 602 παρὰ
716 515 776 602 τὴν
794 513 965 601 ῦπόσχεσιν
984 521 1041 604 τῆς
1059 535 1217 604 repa-1²‚82
1266 537 1268 546 ’

42 620 157 699 σβείας
177 618 326 700 ποιοῦντι,
339 614 405 682 irus*
423 612 557 696 κελεῦον
577 617 708 700 ἤρεμεῖν
727 620 783 684 τοι·
800 618 879 702 μίμε
901 622 996 685 πλοῖα
1016 623 1138 701 λαβεῖν,

24 709 122 800 5μὴτ’
144 708 356 782 illusseris
375 713 542 802 παρόντων
561 717 655 781 πλέον
674 719 879 802 νεωτερίσαι,
900 717 961 792 ἕως
981 709 1020 782 όν
1040 715 1140 795 ariade

41 813 144 905 ἔλθῃ·
174 809 359 882 ἇποστεῖλαι
385 816 421 882 δέ
453 812 509 880 καί
534 803 648 899 ῦνδρα,
669 811 756 892 ὅστις
773 811 814 880 τό
843 812 941 881 πιστοὶ
968 818 1065 881 δώσει
1083 819 1139 901 τῆς

40 913 126 997 μετὰ
148 911 207 1000 τὴν
224 917 393 1001 πρεσβείαν
412 907 510 991 αὖθις
527 913 763 1000 ἀναχωρήσεως
775 916 832 980 καί
849 917 903 1000 τῆς
924 908 997 1000 ὅλης
1017 915 1139 994 ἀδείας.

40 1009 155 1079 τοῦτοί
176 1036 211 1078 τε
229 1012 311 1099 πρός
330 1015 449 1081 ἐκεῖνον
469 1015 652 1094 ἐπέστελλε,
671 1017 729 1078 ταί
747 1006 843 1090 odric
863 1005 946 1100 ῦρας
966 1009 1028 1082 dud
1053 1017 1137 1082 Θεσ-

39 1112 214 1198 σολονιλιης
233 1109 362 1196 ἔρχεται
380 1116 426 1190 εἰς
433 1104 610 1197 Ἔδεσσαν,
633 1106 713 1178 όποιι
734 1105 775 1197 ἧν
793 1113 999 1212 Σαβινιονός,
1019 1113 1080 1182 σόν
1100 1115 1137 1181 δὲ

9 1206 135 1298 rosim
163 1211 217 1276 κατ’
236 1209 415 1292 Φιλόξενος.
453 1214 510 1277 κατ’
526 1208 583 1288 τός
611 1235 646 1277 τε
668 1212 795 1288 δέλτους
825 1207 912 1302 οῦτρῖ
939 1218 1135 1302 παρέχουσι,

37 1311 104 1378 xut
116 1307 287 1396 στρατηγόν
301 1310 527 1399 ἀποφανοῦσι,
536 1311 591 1376 ναί
603 1309 678 1398 περί
689 1315 752 1378 τοῖν
767 1308 931 1398 παρόντων
945 1305 985 1378 εὖ
1006 1315 1157 1393 dardos-B
1240 1297 1244 1306 ⁵

34 1405 260 1478 redonaret
281 1407 317 1475 τό
349 1412 409 1493 μέν
428 1412 602 1498 ἐπιχειρεῖν
628 1419 695 1487 τοῖς
716 1402 893 1496 βαρβάροις
913 1413 1136 1494 πορευομένοις

35 1511 103 1576 ουἰτ
124 1509 272 1596 depelle
290 1505 416 1591 ἐδόκει,
449 1509 560 1594 ὀλίγων
586 1510 646 1592 μὲν
670 1509 829 1576 συνόντων
848 1506 937 1598 αὐτῷ
957 1511 1137 1598 Σαβινιανρῖ

33 1606 260 1696 μισθοφόρων
282 1610 416 1692 οἰκείων,
433 1613 491 1694 τῆς
511 1611 548 1675 δὲ
568 1610 722 1694 δημοσίας
742 1613 891 1694 στρατιᾶς
910 1613 967 1675 καί
983 1611 1049 1675 τεόν
1070 1632 1137 1674 τιοτ-

7 1708 109 1776 over
128 1710 301 1793 ταγμάτων
320 1711 383 1774 τῦν
407 1711 467 1791 μὲν
488 1711 725 1794 διεσπαρμένων
744 1706 825 1774 rard
845 1705 974 1791 πόλεις,
1004 1710 1068 1774 τῶν
1100 1710 1137 1773 δὲ

28 1805 126 1892 μετὰ
147 1811 209 1871 τοῦ
222 1809 395 1893 στρατηγοῦ
405 1803 582 1894 Ὀνοόλφου
597 1805 865 1875 ἀκολουθούντων.
887 1804 988 1874 ἐδόκει
1005 1809 1042 1872 δὲ
1056 1809 1137 1889 πέμυ

28 1931 113 1972 πειν
134 1906 325 1989 ἁπανταχοῦ
344 1903 570 1992 προστάγματα
590 1908 808 1991 σογκολοῦντα
826 1903 900 1984 τοῦς
920 1902 1136 1992 στρατιώτας,

26 2009 94 2071 κατ’
114 2002 176 2070 τόν
193 2003 366 2090 στρατηγόν
386 2007 540 2090 δηλοῦντα
561 2010 757 2092 προπέμπειν
775 2005 832 2072 τόν
849 2005 1055 2094 πρεσβευτήν.
1073 1997 1137 2089 ἤδη

26 2107 69 2170 δὲ
93 2103 296 2189 ὁρμωμένοις
313 2101 331 2170 ό
349 2099 437 2190 πορό
456 2108 515 2168 τοῦ
534 2105 743 2187 Ἀόομανττόυ
764 2109 1056 2190 προαπεσταλμένος
1075 2101 1129 2168 ἶπ-

4 2201 123 2280 οπεῦς
144 2201 291 2291 ἀπαντᾷ,
311 2201 368 2269 τόν
386 2201 640 2292 τῶνβαρβάρων
658 2202 743 2289 ἔχων
762 2203 867 2291 ἱερέα,
888 2200 924 2272 όν
944 2201 974 2270 oi
995 2208 1163 2289 Χριστι-(ἓ

25 2301 114 2367 aroc*
134 2305 270 2367 καλοῦσι
288 2300 521 2390 πρεσβύτερον,
556 2304 602 2380 οἷς
620 2307 728 2370 πίστιν
747 2309 805 2388 τῆς
825 2299 936 2379 oidelae
957 2302 1044 2390 αὐτῷ
1064 2302 1136 2366 ἕπο-

22 2399 201 2488 orbona.
219 2397 345 2487 ἔχοντες
365 2393 423 2469 οῦν
442 2401 540 2470 ου’τόν
559 2401 622 2470 σόν
641 2403 751 2481 αῦτοῖς
770 2403 953 2488 ἠπείγοντο,
982 2399 1038 2466 ναί
1056 2394 1136 2487 ἄφι-

104 2540 130 2593 8
155 2534 209 2588 lul
223 2537 295 2608 vulg.
374 2539 413 2593 τᾶ
428 2534 589 2610 Ὀνοίλφοο
605 2537 681 2599 Vnt,
700 2535 716 2590 d
734 2535 892 2609 Εῦοίλφου
909 2535 981 2606 vulg.
1039 2550 1080 2590 ao.
1101 2532 1135 2586 ιλ-

102 2608 211 2674 mari
227 2607 270 2670 ll„
289 2606 401 2664 duma
417 2609 491 2679 vulg.
599 2625 643 2664 aa.
662 2607 776 2679 ἔχοντες
793 2609 832 2673 Β,
857 2605 979 2679 ἄγοντες
995 2605 1071 2671 Vri,
1089 2606 1136 2660 lt-

102 2691 218 2748 γοντες
234 2678 305 2750 vulg.

19 2787 203 2848 progressus
227 2773 332 2840 impetu
357 2772 430 2828 iacto
452 2772 634 2843 Epidamnum
660 2779 786 2844 occupat.
821 2771 904 2844 Quod
931 2772 982 2826 ubi
1008 2773 1135 2844 cognorit

18 2842 234 2904 Adamantius,
247 2844 335 2895 mittit
351 2860 437 2896 unum
447 2859 481 2895 ea
492 2844 634 2913 equitibus
650 2843 835 2914 imperatoris,
850 2845 900 2914 qui
918 2861 979 2896 cum
993 2859 1026 2898 eo
1047 2860 1136 2913 eapo-

16 2919 177 2976 stularet,
199 2912 275 2982 quod
295 2919 390 2966 contra
408 2912 454 2977 id,
472 2914 547 2986 quod
565 2915 649 2966 missa
666 2915 805 2986 legatione
823 2916 1003 2984 promiserat,
1021 2914 1135 2978 iaceret,

16 2998 51 3041 et
69 2985 204 3038 iuberet
219 2981 255 3034 ab
273 2983 385 3052 incepto
411 2982 543 3037 desistere
560 3001 651 3054 neque
669 3000 751 3038 naves
770 3002 892 3047 sumere,
920 2994 970 3038 aut
987 2986 1136 3057 quicquam

14 3054 109 3111 aliud
134 3069 268 3107 novarum
288 3070 378 3107 rerum
395 3062 520 3119 tentare,
549 3054 637 3108 donee
656 3055 833 3110 adventaret:
852 3054 973 3127 denique
990 3058 1080 3111 virum
1097 3054 1136 3109 ad

12 3147 46 3181 se
67 3130 218 3185 mittere,
245 3125 295 3194 qui
321 3125 377 3177 sibi
402 3125 457 3177 tuti
475 3134 538 3194 post
554 3131 693 3195 peractam
712 3126 877 3194 legationem
897 3124 1002 3179 reditus
1021 3134 1049 3179 et
1066 3125 1134 3178 reli·

11 3215 99 3270 quae
133 3193 294 3247 securitatis
318 3194 401 3248 iidem
426 3204 586 3262 praestaret.
622 3196 697 3248 llaec
723 3213 785 3248 cum
813 3195 848 3248 ad
873 3213 936 3248 eum
953 3196 1134 3249 Adamantius

8 3269 165 3323 mandata
191 3261 322 3328 dedisset,
339 3265 411 3335 ipse,
428 3264 622 3320 Thessalonica
643 3269 756 3328 relicta,
774 3264 900 3318 Edessam
926 3267 1001 3318 venit
1028 3275 1056 3320 et
1080 3282 1135 3316 una

7 3358 84 3393 eum
108 3351 152 3392 eo
172 3331 348 3387 Philoxenus.
382 3336 448 3387 Erat
457 3336 576 3390 Edessae
593 3336 780 3399 Sabinianus,
798 3341 843 3389 cui
860 3337 965 3390 litteras
984 3337 1134 3404 Imperato-

6 3413 52 3466 ri.
81 3403 284 3464 reddiderunt
309 3422 446 3475 quemque
472 3406 571 3460 ducem
599 3417 724 3460 crearunt
746 3416 892 3478 ceteraque
918 3409 1011 3460 omnia
1035 3404 1132 3457 ordine

6 3481 280 3536 administrarant.
315 3475 369 3528 Sed
383 3474 512 3531 barbaros
530 3477 689 3531 recedentes
707 3478 835 3550 persequi
853 3477 966 3529 minime
984 3481 1074 3526 tutum
1092 3477 1134 3526 ri-

4 3573 79 3606 sum
106 3555 168 3601 est
209 3543 358 3598 Sabiniano
384 3548 457 3600 enim
477 3549 558 3617 pauci
576 3549 678 3601 milites
704 3547 867 3601 mercenarii
893 3563 926 3598 ex
954 3547 1013 3597 eius
1030 3545 1135 3608 ,dome-

4 3627 100 3678 sticis
125 3627 162 3672 et
181 3616 367 3668 familiaribus
387 3615 510 3671 aderant
545 3620 615 3672 Nam
660 3618 690 3670 ui
735 3617 825 3671 ublice
851 3614 995 3670 merebant
1013 3623 1041 3668 et
1058 3615 1135 3670 ordi-

6 3697 112 3748 nariis
137 3686 303 3756 legionibus
330 3685 461 3756 adscripti
480 3688 620 3758 stipendia
639 3636 795 3752 iaciebant,
821 3705 883 3740 curu
908 3702 957 3756 per
981 3685 1062 3739 urbes
1087 3686 1136 3739 di-

4 3763 133 3836 upmi,
156 3767 221 3810 tum
239 3755 381 3818 onulfum,
405 3758 503 3811 ducem
527 3778 615 3824 suum,
637 3760 740 3822 secuti,
759 3758 892 3811 abierant
929 3757 1026 3830 Itaque
1044 3760 1135 3810 visum

4 3847 56 3892 est
76 3833 207 3889 edicta,
223 3827 325 3897 quibua
344 3826 448 3882 milites
467 3829 591 3902 undique
614 3837 809 3890 evocarentur,
832 3843 1002 3899 proponere,
1031 3835 1060 3880 et
1079 3827 1134 3879 du-

4 3925 75 3962 cem
103 3905 260 3969 legatum,
288 3898 339 3966 qui
362 3913 394 3950 ea
416 3903 617 3984 promulgaret,
641 3901 827 3973 praemittere.
863 3898 903 3950 Eo
927 3900 986 3967 ipso
1011 3907 1133 3965 tempore

4 3995 109 4050 equ„
134 3970 178 4024 ab
204 3966 371 4020 Adamantio
388 3985 486 4021 mrssua
504 3988 643 4036 reversus,
662 3989 717 4023 una
736 3985 828 4020 secum
845 3967 983 4022 adducens
1001 3969 1136 4021 barbaro-

4 4066 78 4109 rum
101 4037 310 4102 acerdotem,
327 4054 409 4110 quem
421 4039 575 4101 Christiani
591 4041 910 4112 murmuraverant,
927 4040 977 4111 qui
994 4037 1136 4094 turoldo-
