2734 4634
268 238 311 306 m
339 236 525 305 nuceas
556 232 851 303 onnmonom.
1012 206 1100 298 563
1194 225 1201 234 ’

110 389 186 479 Peg.
198 392 229 457 5.
239 394 280 473 D.
292 393 376 480 [din
390 394 455 540 ηρ
464 394 614 456 Iulianum
636 395 744 456 deinde
758 416 794 455 eo
810 396 875 480 ipso
893 406 1022 480 tempore
1036 394 1102 457 Nc-

32 475 194 540 bilisstinum
209 481 385 543 nominanti.
447 483 475 539 ic
495 480 606 562 quippe
626 472 837 561 corrigendum
849 478 993 539 mendum
1011 489 1102 561 typo·

30 563 129 624 thetae
160 561 340 645 negligentia
373 560 541 623 inductum.
583 560 766 623 Nobilissimi
797 560 973 643 dignitatem
993 581 1047 644 per
1066 582 1104 623 ea

30 656 163 728 tempora
182 645 389 728 Augustorum
410 644 478 706 liliis
491 655 545 706 aut
556 646 734 728 propinquis
745 644 890 705 tributam
902 645 1007 705 videor
1026 644 1103 705 mibi

32 729 199 790 observasse
218 727 368 811 quendam
387 728 482 789 veluti
502 729 629 812 gradum
647 728 687 789 ad
720 728 854 789 Caesaris
873 749 984 789 nomen
1004 727 1104 809 digni·

30 816 179 895 tatemque
199 814 353 873 exstitisse.
394 810 498 895 Neque
522 812 610 895 longe
637 811 822 884 abeundum,
850 832 922 873 cum
943 810 1105 894 Olympio-

31 894 121 973 dorus
140 906 240 957 noster
259 892 438 977 paulopost
458 906 561 977 aperte
580 895 768 977 pronuntiet,
776 893 1024 956 Valentinianum
1032 884 1102 970 lli..

31 980 84 1061 qui
103 981 256 1061 superstite
285 980 449 1039 etiamnum
471 979 608 1038 Honorio
629 976 727 1037 dictus
756 976 854 1037 luerat
881 976 1105 1057 nobilissimus,

30 1060 198 1142 impellente
219 1061 344 1122 lintrem
367 1059 520 1135 Placidia‚
550 1070 618 1143 post
650 1056 778 1119 Honorii
804 1070 932 1121 mortem
961 1063 1197 1128 restitutoV.sot

30 1142 779 1309 itt”affictttttt.itt¹¹ttttssltt’‚
801 1154 976 1288 ‘imsiiii
994 1143 1109 1289 ribi.

29 1308 69 1369 ab
91 1308 215 1371 Helione
235 1310 368 1371 Patricio
386 1319 416 1370 et
443 1307 611 1369 officiorum
637 1310 782 1389 Magistro
802 1308 998 1390 Imperatoria
1025 1321 1110 1375 veste

30 1393 169 1454 indutum
189 1392 292 1454 lirisse.
334 1394 382 1453 De
405 1412 479 1453 voce
496 1390 620 1452 consule
640 1390 753 1451 lulium
771 1390 926 1452 Caoearem
949 1390 1109 1476 Bullenge-

30 1496 98 1536 rum
118 1476 156 1537 de
178 1476 257 1559 lmp.
279 1476 433 1549 Romano,
457 1476 600 1535 Iacobum
615 1473 796 1535 Gutherium
815 1467 855 1535 de
874 1472 978 1536 officiis
989 1475 1108 1538 Domus

30 1558 201 1641 Augustae,
229 1560 395 1619 Meursium
422 1569 452 1619 et
481 1558 662 1619 Fabrottum
696 1558 728 1617 in
761 1557 937 1633 Glossariis,
959 1551 1107 1640 aliosque.

30 1642 94 1703 Nec
111 1640 294 1723 superfluum
316 1640 394 1702 sorte
413 1640 503 1701 fuerit
522 1641 572 1701 hic
593 1642 763 1714 monuisse,
791 1640 906 1723 duplici
928 1640 1109 1724 plerumque

30 1725 207 1807 compendio
226 1745 337 1784 nomen
359 1722 435 1784 illud
465 1722 582 1797 efferri,
606 1722 656 1783 vel
687 1722 813 1804 simplici
844 1724 894 1798 N„
917 1735 951 1785 ut
971 1726 1003 1784 in
1024 1724 1108 1785 fastis

30 1810 219 1891 numinisque
239 1808 402 1884 veteribus,
421 1805 470 1866 vel
490 1806 606 1891 syllaba
624 1807 738 1888 integra
751 1799 827 1866 Noh.
870 1819 905 1868 ut
932 1806 1014 1891 apud
1036 1808 1108 1868 lda-

30 1893 109 1951 tium
136 1892 168 1950 in
206 1890 287 1951 fastis
314 1888 544 1968 Consules-ibus,
579 1890 727 1950 Ricimere
761 1899 792 1950 et
819 1851 967 1951 (lleatcbo
989 1890 1105 1952 Cosas
1198 1908 1208 1936 a

30 1974 103 2057 Ipso
119 1994 198 2034 anno
213 1987 298 2033 nanu
312 1988 354 2034 est
365 1972 517 2033 Honorius
536 1968 614 2033 Not.
630 1974 661 2032 in
697 1974 816 2057 nepueu
831 1972 882 2033 die
890 1973 933 2034 V.
944 1973 997 2035 Id.
1011 1972 1106 2057 Seps,

30 2055 636 2200 instruentum
674 2055 1110 2201 3ξῖἰέῑίῗὲἀῖᾆὶῗοῖἶῖ

30 2161 282 2378 Οἰγιηῖἒίῗιῗοτιιε,
304 2222 358 2283 sed
377 2183 522 2283 Graecain
540 2177 709 2303 uiurpdsse,
742 2214 799 2301 τὴν
822 2218 880 2283 τοῦ
898 2184 1111 2306 inzpcvtbtd·

30 2324 85 2365 roo
111 2328 131 2365 a
163 2326 214 2366 aa.

112 2389 192 2469 Pag.
207 2384 239 2448 5.
252 2387 294 2447 D.
309 2384 394 2470 [45¹²
408 2386 476 2471 ao]
497 2385 544 2449 De
564 2384 653 2463 tovit,
665 2380 811 2449 Praefecti
821 2377 979 2447 Praetorio
999 2395 1030 2447 et
1048 2384 1111 2448 Pa·

30 2472 165 2532 tricintns
186 2470 331 2552 dignitate
350 2471 508 2549 sublimis,
537 2468 725 2553 aliorumque
745 2469 784 2529 ab
806 2466 942 2529 Honorio
961 2471 1050 2530 missa
1070 2460 1111 2530 ad

30 2553 170 2617 Attalum
192 2553 361 2636 legatione,
390 2554 583 2636 eiusdemque
614 2554 691 2615 lovii
718 2550 842 2635 perlidia
863 2550 1006 2633 legendus
1026 2550 1112 2613 Zosi⁴

30 2656 121 2710 mus,
146 2636 217 2697 licet
236 2635 382 2696 nonnulla
402 2639 553 2711 omiserit,
576 2656 652 2718 quae
665 2636 704 2696 ad
719 2634 927 2696 illustrandam
939 2646 1112 2718 temporum

30 2720 153 2781 illorum
174 2720 329 2780 historiam
350 2724 493 2803 excerpsit
503 2716 643 2780 Photius.
688 2719 793 2801 Neque
811 2718 887 2778 mihi
906 2717 1024 2799 placere
1038 2728 1108 2800 pot-

30 2815 75 2866 est
100 2804 274 2883 interpretis
294 2804 389 2863 nostri
410 2806 503 2864 nimia
523 2806 554 2864 in
574 2803 678 2864 eadem
700 2822 774 2863 voce
795 2801 1014 2877 inconstantia,
1035 2802 1111 2863 dum

30 2886 123 2948 modo
144 2887 278 2960 leudem,
302 2886 392 2946 modo
412 2886 589 2961 Ῑοὸιὶιηιιηι,
611 2885 702 2946 modo
723 2879 916 2945 lestussum
937 2891 1036 2951 vocat.

116 2968 194 3051 Pag.
207 2970 236 3029 5.
251 2967 464 3054 D.[451,21.]
483 2970 595 3030 Valens
605 2970 752 3053 utrumqne
766 2968 891 3028 militiae
907 2967 984 3028 dite.
1028 2961 1115 3029 Zosi-

30 3072 100 3115 mus
129 3052 365 3113 Dalmaticarum
394 3053 545 3136 legionmn
566 3050 756 3113 Praefectum
776 3070 811 3111 ac
831 3052 1010 3133 Magistrum
1090 3051 1097 3068 '

30 3148 98 3197 tum
111 3138 255 3209 nominat,
279 3145 310 3197 et
331 3134 371 3196 ab
384 3135 549 3214 Alaricho‚
571 3136 644 3195 dum
665 3134 764 3194 adhuc
784 3134 817 3192 in
837 3132 896 3193 lide
916 3071 1116 3195 Αηώοᾙι

30 3230 256 3303 perseveraret,
277 3218 318 3279 ob
359 3220 515 3281 roditionis
536 3220 734 3301 suspicionem
756 3216 946 3277 interfectum
967 3214 1083 3278 scribit.

119 3301 198 3385 Pag-
213 3301 245 3363 6.
259 3301 297 3363 Α.
315 3241 399 3387 [din
421 3301 468 3383 8.]
489 3302 656 3363 Eusebium
676 3301 884 3383 Praepositum
905 3286 1034 3396 odioso
1056 3292 1115 3358 sod

30 3384 196 3463 κοιτῶνος,
217 3383 275 3445 boc
293 3396 352 3461 est,
382 3386 563 3469 προεστῶτα
591 3386 655 3446 τῶν
677 3377 851 3458 βασιλικῶν
871 3401 1038 3457 κοιτωνων,
1058 3396 1114 3461 ap·

30 3467 128 3613 pellat
148 3468 285 3529 Zosimus
306 3468 360 3529 lib.
384 3470 413 3531 5.
438 3492 506 3552 pag.
530 3467 601 3529 821.
626 3466 766 3543 editionis
786 3464 1027 3569 Splburgianaej
1056 3462 1114 3523 At·

39 3551 189 3613 obichum
215 3570 288 3611 vero
315 3553 380 3613 sive
400 3548 593 3613 Ellebicbum
620 3544 674 3611 cdv
707 3550 769 3611 τοῖν
800 3548 919 3612 tonina
943 3544 1114 3627 ἦγουμενον

30 3630 89 3694 καὶ
109 3628 189 3711 μετὰ
210 3629 409 3713 Βιγιλάντιον
428 3627 586 3717 ὕπαρχον.
608 3634 682 3695 Eius
703 3648 807 3695 necem
825 3630 928 3712 paucis
942 3628 1116 3712 perstringit
1221 3638 1225 3648 “

30 3718 177 3777 Hermiae
199 3715 381 3779 Sozomenus
403 3712 457 3779 lib.
479 3740 510 3802 9.
533 3736 600 3799 cap.
630 3708 951 3791 12.‚ub1Atabichus
972 3721 1116 3793 corrupta

30 3820 116 3861 soce*
130 3798 252 3859 dicitur.
295 3798 383 3861 Alius
401 3820 474 3863 vero
503 3801 542 3862 ab
572 3818 607 3861 eo
627 3798 841 3861 existimandus
861 3806 906 3857 est
932 3789 1113 3874 Edobecus‚

30 3885 98 3945 sive
112 3880 302 3959 Edohincus‚
318 3884 506 3945 Constantini
526 3895 539 3944 t
560 3886 646 3944 ranni
667 3880 805 3965 partibus
819 3879 972 3953 addictus,
995 3874 1114 3961 dequo

30 3966 124 4049 plura
152 3966 233 4026 idem
266 3966 403 4027 Hermiae
422 3970 505 4028 citati
534 3904 588 4027 ib.
611 3982 699 4048 capp.
726 3962 773 4025 13.
798 3972 828 4024 et
854 3960 908 4043 14.
923 3971 953 4023 et
979 3962 1115 4023 uenatus

30 4050 221 4112 Profuturus
241 4049 435 4133 Frigeridus,
465 4052 552 4111 cuius
572 4066 634 4111 non
654 4046 787 4131 ignobile
806 4047 1006 4129 fragmentum
1027 4046 1058 4106 in
1077 4044 1116 4105 ll·

30 4132 125 4195 bium
147 4152 180 4194 a.
223 4132 375 4196 Historiae
399 4134 563 4196 Francicae
582 4133 711 4195 coniecit
736 4131 898 4217 Gregorius
918 4124 1201 4201 Turonensis.l’.n³
