2734 4634
212 233 265 290 20
508 224 721 296 Excisum
756 228 782 290 E
813 225 988 292 Dexippo
1023 257 1029 282 .

67 405 138 461 Μ).
150 420 309 476 οηιυοντες
329 397 387 483 τήν
408 397 560 480 είτυχίαν
577 395 634 484 τήν
653 394 866 484 ὑπάρχουσαν
880 395 1060 483 προμηθείᾳ
1078 394 1133 479 τῆς
1145 391 1228 481 ὖπὲρ
1246 397 1323 461 τῶν

62 477 305 568 Α““Ῑ”Ῑ·ἰ”ιντιαν
326 498 504 585 ἀσφαλείας
525 497 770 579 διασάσασθιιι,
805 496 863 560 καί
880 497 940 584 βοῇ
965 491 1002 558 τὸ
1032 491 1224 577 βουλόμενον
1252 521 1321 578 ση·

210 597 394 684 μαίνοντες,
415 595 597 678 σύμπαντες
617 597 650 672 ἐς
670 593 729 683 τήν
749 593 922 660 κατάλυσιν
941 595 998 659 tusi
1017 595 1156 675 πολέμου
1180 590 1319 679 ἐχάρη-

210 723 289 764 σαν.
332 699 388 762 καί
411 695 478 759 οἵδε
500 698 558 777 μὲν
589 685 652 760 ὧδε
681 697 926 779 συνηνέχθησαν
954 692 1083 780 γνώμη·
1126 689 1159 757 oi
1188 693 1225 758 δὲ
1245 694 1318 756 τῶν

212 792 388 881 βαρβάρων
406 798 552 878 βασιλεῖς
570 797 625 859 καί
644 787 814 881 ἄρχοντες,
836 788 962 878 ἥκοντες
984 788 1095 858 καθότι
1119 790 1215 879 σφισί
1233 798 1341 876 προ-5

213 897 385 982 ειρημένον,
406 892 520 959 ἔδοσαν
540 889 681 981 δμήρους
698 897 790 980 σφῶν
810 893 939 975 αὐτῶν,
961 893 999 958 ου’
1020 888 1061 956 τά
1085 890 1217 976 δεύτερα
1240 889 1319 966 άξε-

213 991 320 1069 ιάσειος
340 991 395 1057 καί
414 989 532 1080 τύχης.
573 991 605 1057 οἵ
622 1017 655 1059 τε
676 990 735 1078 γάρ
757 998 900 1076 βασιλεῖς
919 990 995 1068 τούς
1024 993 1145 1068 παῖδας
1164 985 1320 1073 ἑκάτεροι

189 1093 362 1167 οδιδόασιν
379 1095 413 1170 ἒς
431 1091 491 1179 τήν
511 1091 683 1180 ὁμηρείαν,
707 1088 923 1170 ἐνδοιάσαντες
944 1094 1052 1172 οὐδὲν,
1073 1089 1130 1154 καί
1148 1092 1251 1176 ἕτεραι
1272 1083 1320 1152 ἶί-

214 1219 261 1276 μα
284 1192 453 1269 ου’τοῖςοά
473 1189 561 1274 μάλα
582 1187 695 1280 πόρ’ῥω
717 1189 899 1271 άξιάσεως.
939 1190 994 1256 καί
1014 1191 1208 1266 ἐπιτρόποις
1228 1186 1320 1273 ἐχώ-

215 1289 316 1378 ρησάν
333 1315 368 1356 τε
388 1289 470 1380 πρὸς
490 1289 662 1375 σύμβασιν,
684 1291 741 1356 καί
759 1291 794 1356 αἱ
814 1291 950 1357 σπονδαί
972 1291 1129 1375 ἐγένοντο.
1170 1289 1360 1372 συνεμά-ιο

213 1415 295 1474 χουν
316 1393 352 1457 δὲ
374 1389 437 1456 άπὸ
467 1394 563 1476 τήσδε
588 1386 759 1474 Ῥωμαίοις
779 1390 955 1475 Βανδήλων
980 1389 1086 1467 ῖππεῖς
1105 1393 1152 1466 είς
1173 1391 1333 1472 δισχιλιῑ-

215 1515 289 1575 ους,
317 1491 347 1556 οῖ
365 1495 426 1574 μέν
444 1516 527 1567 τινες
548 1488 673 1577 αἱρετοί
691 1493 727 1555 εἰι
746 1493 805 1557 τοῦ
824 1487 967 1574 πλήθους
987 1491 1021 1566 ἐς
1042 1487 1102 1575 τήν
1122 1491 1317 1571 συμμαχίαν

215 1595 472 1676 καταλεχθέντες,
493 1589 523 1656 οἱ
545 1593 581 1656 δὲ
601 1590 657 1657 καί
675 1593 838 1666 ἐθέλοντες
857 1586 1002 1656 ἑκούσιον
1022 1585 1175 1676 πρασιάν
1195 1587 1318 1651 ὑποδυ-

216 1688 343 1773 όμενοι.
385 1690 459 1757 ὅδε
486 1687 594 1766 λοιπάς
613 1687 789 1776 Βανδήλυν
817 1685 926 1772 ὅμιλος
953 1691 1004 1754 ἐπ’
1022 1687 1109 1755 οἴκου
1138 1687 1316 1768 ἐκομίζετο,

215 1792 411 1878 παρέχοντος
450 1794 510 1855 τοῦ
536 1789 705 1872 Ῥωμαίων
737 1782 890 1877 άρχοντος
925 1786 1047 1874 ἀγοράν
1074 1787 1145 1854 ἔστε
1173 1787 1230 1851 ἐπί
1253 1783 1359 1849 τόνιό

207 1879 345 1976 Ἴστρον.
385 1893 441 1956 καί
466 1886 501 1956 τά
533 1889 594 1972 μὲν
613 1895 760 1954 πλεῖστον
781 1891 883 1953 αὐτοῦ
904 1883 1029 1965 άπαθὲς
1048 1885 1203 1972 διεσώθη·
1245 1879 1319 1949 ὅσοι

217 1989 254 2054 δὲ
274 1990 455 2075 παραβάσει
475 1991 538 2056 τῶν
555 1989 700 2054 σπονδῶν
716 1986 772 2053 ἐπί
784 1991 871 2065 λείας
890 1986 1047 2073 συλλογήν
1066 1985 1220 2073 ἀφθόνως
1241 1982 1318 2048 οἷπε-

218 2089 461 2176 σκεδάσθησαν,
492 2082 697 2176 άνῃρέθησαν
717 2089 896 2170 σύμπαντες
915 2084 979 2152 ὑπὸ
1000 2087 1057 2152 τοῦ
1076 2080 1230 2171 ήγεμόνος
1247 2085 1317 2150 τῶν

184 2199 215 2257 Ἰ)
222 2191 350 2267 ξενικῶν
368 2191 596 2274 στρατοπέδων,
618 2185 657 2250 οδ
677 2187 788 2270 μείους
806 2183 968 2270 γενόμενοι
989 2186 1220 2251 πεντακοσιοσν.
1260 2178 1316 2250 σία

218 2285 280 2372 γάρ
303 2283 342 2372 δή
368 2285 421 2352 διά
445 2285 555 2374 φιλίοις
574 2288 631 2371 τῆς
649 2285 760 2371 χώρας
778 2285 1005 2371 πορευόμενοι,
1037 2285 1095 2349 καί
1119 2281 1236 2368 θάρσει
1254 2285 1359 2366 τήςεο

219 2390 385 2473 γενομένης
404 2384 487 2475 πρὸς
501 2383 681 2468 Ῥωμαίους
701 2384 828 2471 εἰρήνης
848 2386 1050 2472 ἐπαρθέντες,
1070 2384 1129 2467 τής
1142 2380 1247 2466 πάσης
1263 2378 1319 2446 τά·

133 2498 139 2510 1
180 2499 195 2542 N
291 2541 316 2593 8.
336 2536 524 2598 ἐνδοιάσαντες
549 2539 619 2610 vulg.
753 2557 792 2593 rr.
814 2537 968 2609 Ῥωμαίοις
989 2538 1040 2603 Η.,
1067 2534 1217 2604 Ῥωμαίων
1234 2531 1318 2588 codd.

294 2611 337 2732 13.¹
351 2607 548 2683 ὑποδυόμενοι
566 2609 609 2664 ed.
630 2610 677 2674 lt,
694 2606 894 2681 ἀποδυόμενοι
911 2606 991 2662 codd.
1100 2623 1139 2678 ¹9
1159 2597 1206 2659 οἷα
1222 2605 1269 2672 λλ,
1286 2605 1319 2660 ot

291 2694 325 2731 vo
340 2694 365 2747 g.

224 2822 282 2877 lllis
303 2822 437 2894 optimum
455 2839 515 2878 esse
532 2823 690 2892 rideretur,
706 2842 767 2880 eum
786 2831 941 2881 statuerent
956 2829 1128 2898 praesentem
1144 2823 1319 2894 prosperitu-

224 2903 282 2947 tem
299 2895 372 2947 tueri
390 2905 419 2949 et
436 2912 536 2960 rerum,
551 2896 652 2968 quibus
674 2899 862 2968 potiebantur,
880 2898 1008 2950 imitioui
1032 2897 1151 2965 prospici
1169 2901 1318 2962 oportere,

225 2981 302 3016 susm
321 2965 356 3018 de
374 2979 406 3016 ea
424 2983 453 3018 re
473 2968 643 3020 voluntatem
660 2984 727 3021 voce
746 2967 968 3039 significaverunt
983 2975 1012 3020 et
1023 2966 1145 3018 universi
1161 2966 1191 3016 in
1203 2971 1322 3015 senten·

224 3035 293 3088 tium
317 3034 433 3094 liniendi
456 3036 526 3089 belli
549 3040 667 3092 iverunt
703 3039 750 3091 Sic
768 3040 853 3108 igitur
870 3039 944 3091 inter
962 3038 1025 3089 illos
1045 3037 1180 3088 convenit
1215 3035 1319 3103 itaque

225 3105 407 3158 barbarorum
417 3123 491 3176 reges
513 3115 541 3160 et
558 3110 697 3178 principes
714 3118 865 3170 venerunt,
882 3118 910 3162 et
927 3115 960 3160 ut
976 3107 1033 3159 illis
1052 3114 1112 3160 erat
1126 3114 1319 3176 preeoeptum,

226 3193 261 3230 ex
281 3177 337 3227 suis
356 3176 465 3229 obsides
491 3178 616 3248 quinon
636 3179 666 3230 in
686 3179 814 3232 secundis
834 3179 960 3250 partibus
977 3177 1105 3230 fortunae
1123 3184 1152 3228 et
1170 3174 1319 3245 dignitatis

225 3245 394 3310 haerebunt,
419 3245 569 3314 dederunt3
600 3256 718 3321 uterque
742 3252 816 3303 enim
840 3267 890 3302 rex
913 3257 943 3300 et
958 3250 1078 3318 proximi
1100 3247 1234 3316 dignitate
1258 3260 1319 3297 una

226 3333 290 3373 eum
314 3319 383 3387 ipsis
411 3319 565 3380 sinemuro
583 3319 656 3370 lilios
675 3324 738 3371 suo's
755 3337 806 3390 pro
824 3319 969 3372 obsidibus
987 3318 1169 3372 tradiderunt
1205 3316 1256 3368 llis
1273 3317 1320 3367 le-

227 3390 307 3458 gibus
327 3388 362 3441 ed
379 3395 456 3458 poeta
485 3397 514 3442 et
537 3391 734 3443 conventiones
754 3397 867 3443 ventum
886 3398 942 3454 est,
968 3399 998 3443 et
1013 3388 1126 3441 loedere
1142 3393 1207 3439 aunt
1225 3386 1321 3439 inita:

225 3457 346 3511 Ιλίαιιδαλί
356 3460 483 3512 Romanis
499 3456 554 3512 duo
573 3459 650 3512 mille
671 3463 779 3532 equites
796 3461 954 3515 auxiliarios
973 3476 1007 3512 ex
1024 3460 1136 3512 foedere
1154 3457 1306 3540 suppedita

228 3527 316 3592 bont,
334 3545 452 3599 quorum
469 3529 598 3582 nonnulli
617 3547 650 3583 ex
670 3539 730 3584 tots
748 3535 884 3584 exereitus
901 3529 1082 3584 multitudine
1101 3527 1202 3580 delecti
1232 3537 1263 3580 et
1286 3529 1320 3581 in

229 3597 300 3651 belli
317 3600 476 3654 societatem
496 3598 642 3670 udseripti‚
658 3601 708 3651 ulii
726 3611 903 3672 spontaneam
920 3602 1048 3654 militium
1060 3599 1211 3652 subeuntes
1223 3601 1321 3651 nomi-

229 3683 266 3720 us
283 3667 424 3722 dederunt.
461 3670 592 3742 Reliquus
612 3672 800 3725 vandalorum
826 3675 976 3737 exereitus,
1000 3672 1090 3724 sulvus
1116 3676 1145 3723 et
1169 3669 1321 3722 incolumis

230 3741 415 3803 conservatus,
432 3742 613 3794 Romanorum
628 3743 797 3811 Imperatore
807 3745 881 3797 ritae
899 3741 1051 3796 necessaris
1061 3755 1149 3811 αιησε
1162 3739 1198 3790 sd
1215 3741 1320 3793 Istrum

230 3813 266 3864 iia
290 3809 459 3879 praebente,
492 3811 603 3864 domum
622 3811 713 3866 rediit.
749 3814 805 3867 Sed
827 3816 986 3886 quicunque
1010 3815 1045 3865 ab
1063 3812 1186 3864 exercitu
1204 3810 1320 3864 violatis

229 3878 404 3942 foederibus,
422 3881 458 3933 ad
474 3881 661 3951 praedandum
679 3891 709 3935 et
725 3885 834 3955 rapinas
851 3883 990 3937 faciendas
1003 3884 1112 3954 longius
1123 3891 1323 3945 excesserunt,

117 3997 120 4004 .
230 3967 326 4005 omnes
344 3967 360 4001 α
379 3949 448 4003 duee
475 3960 629 4007 exterorum
649 3955 789 4024 copiarum
811 3955 908 4026 (erunt
928 3961 1020 4008 autem
1038 3973 1096 4008 non
1112 3953 1214 4014 minus,
1231 3968 1320 4021 quam

230 4022 391 4094 quingenti)
412 4029 477 4074 sunt
494 4024 565 4076 eseai
583 4031 613 4076 et
628 4029 756 4095 peremti.
799 4025 837 4078 lli
861 4024 934 4078 enim
950 4028 1043 4097 speeie
1061 4023 1216 4085 amicitiae,
1242 4021 1321 4073 lidu-

229 4093 276 4147 eia'
288 4094 363 4164 pacis
381 4109 443 4146 eum
461 4095 589 4150 Romanis
607 4095 795 4161 laetae-eluti,
819 4095 897 4150 nullo
923 4103 1031 4154 servato
1058 4094 1172 4159 ordine,
1199 4093 1283 4151 renis
1300 4109 1319 4144 a
