2734 4634
167 161 194 220 x
586 139 824 214 eulmine.

170 321 282 390 psopter
298 311 441 367 amicitiam
469 323 524 383 qus
549 312 688 375 tenemur,
719 323 802 383 φιιιιι
829 316 942 380 propter
963 311 1072 366 unicam
1088 276 1145 367 olm
1163 320 1259 384 atque

166 417 350 481 celeritatem,
370 431 451 487 quam
476 416 507 466 ln
532 411 705 466 recensendis
723 412 888 466 Graecorum
905 413 984 468 lils'ris
1002 429 1064 466 cum
1081 416 1254 470 eruditionis

167 511 328 596 ingeniique
339 521 442 576 lumine
454 518 626 572 eoniunctsm
635 514 754 569 exhibet
775 517 892 571 dccerte
903 519 928 570 ei
944 518 1019 572 laudi
1035 517 1255 590 qual’olitisnus

168 629 273 680 lectum
295 617 428 717 pictorem
449 629 544 676 oruata
561 621 641 691 „plns
658 620 793 674 neminem
805 621 927 692 potuisse
935 622 1060 693 pingere,
1068 634 1120 677 ne'o
1132 623 1258 677 melius”

136 761 151 780 .
168 745 261 801 parem
278 719 389 784 omnino
407 727 437 780 in
456 733 549 780 nostro
567 726 720 779 litterarum
736 741 833 796 genere
844 724 968 780 Bellero
986 722 1160 781 triltncndam
1176 743 1252 792 esse,

167 849 266 897 nemo,
281 831 363 886 credo
371 869 381 896 ,
398 831 526 903 ambiget.
562 831 661 900 llogsvi
678 847 740 884 eum
756 830 856 899 igitur,
872 828 920 883 sed
937 829 1050 901 timide;
1070 833 1173 902 quippe
1188 849 1254 886 non

169 939 278 992 nescius
296 929 506 990 eum‘hsctenus
525 929 636 989 n‘onnisi
654 935 760 989 collatis
778 934 918 988 codicibus
942 935 1067 987 innixum
1093 933 1178 988 libros
1202 938 1255 989 're-

170 1039 320 1093 censendos
341 1037 506 1109 suscepisse3
531 1045 559 1090 at
575 1039 605 1091 in
621 1037 667 1091 his'
681 1037 847 1107 legationum
865 1037 998 1107 excerptis
1016 1035 1253 1092 codlcr'smsubsi-

172 1143 249 1196 dium
267 1141 359 1196 aderat
377 1142 501 1195 nullum:
520 1157 584 1194 nam
602 1141 793 1196 Monacensem
811 1141 846 1194 ab
862 1141 1025 1196 Hoesahelio
1042 1142 1247 1196 accuratissime

170 1249 335 1318 exscriptum
355 1237 413 1300 esse
431 1253 552 1310 constat,
568 1245 694 1300 ‘Vaticani
705 1253 796 1300 autem
804 1246 896 1300 ramae
913 1246 1046 1301 lectiones
1066 1246 1101 1299 ab
1120 1245 1161 1305 itt.
1174 1245 1252 1301 hlaie

170 1351 294 1422 prolatae
312 1365 400 1418 paene
418 1344 575 1402 absolutum
592 1365 652 1400 cum
672 1349 722 1403 ilio
740 1362 898 1403 consensum
916 1349 1049 1420 probante
1062 1365 1153 1422 neque
1175 1344 1253 1403 ullus

168 1461 278 1525 praeter
291 1450 352 1516 hos,
369 1452 477 1506 sublato
496 1469 530 1506 ex
548 1451 794 1506 hominumnotitia
804 1449 960 1515 Schottano,
970 1468 1110 1523 superesse
1127 1454 1251 1507 ridetur.

87 1563 92 1574 '
171 1557 244 1621 Sed,
262 1556 337 1629 quod
351 1555 464 1629 quidem
474 1570 658 1627 speraveram,
677 1555 933 1610 deflexitllehherus
950 1571 1011 1609 mea
1025 1573 1106 1610 caum
1122 1557 1157 1610 de
1173 1573 1254 1612 more

170 1675 237 1726 suot
257 1659 650 1732 acceptisquelloeseheliunae
658 1660 838 1732 Maianaeque
854 1659 1005 1714 editionum
1016 1661 1162 1731 exemplis,
1174 1678 1251 1733 quo-

169 1779 231 1816 rum
245 1765 359 1833 margini
378 1765 545 1819 coniecturas
562 1763 630 1817 mihi
646 1758 738 1829 nstas',
751 1763 910 1834 Valeslique
929 1761 1132 1819 emendationes
1148 1762 1253 1818 adscri-

170 1881 289 1937 pteram.
305 1868 363 1938 ipse
381 1869 516 1922 universis
532 1867 607 1921 hisce
623 1867 750 1937 reliquiis
770 1866 946 1921 emendandis
963 1883 993 1921 se
1012 1865 1097 1920 dedit
1121 1868 1156 1921 lit
1173 1862 1253 1940 quod

171 1970 207 2022 ad
224 1970 292 2022 illas*
304 1969 415 2042 quidem
437 1971 556 2036 attinet,
573 1970 732 2025 Pas-islensis
750 1967 880 2024 editionis
897 1969 1049 2041 exemplar,
1068 1969 1252 2042 Marsaeque

173 2073 330 2144 eclogarum⁴
350 2073 386 2126 de
408 2075 569 2138 sententiis,
596 2073 722 2143 plnrimIs
749 2072 816 2125 iocis
841 2078 975 2138 correcta,
1001 2072 1124 2141 remisit;
1155 2089 1253 2127 verum

171 2181 212 2232 ita
235 2183 267 2230 ut
290 2176 403 2230 arbitrio
426 2191 487 2230 meo
504 2175 674 2248 relinqueret
691 2177 714 2228 si
736 2175 805 2246 quid
824 2173 927 2229 addere
946 2181 995 2228 aut
1011 2182 1117 2230 mutare
1142 2176 1253 2230 vellem.

173 2280 239 2352 Quo
257 2280 385 2353 equidem
400 2281 440 2334 ita
461 2297 524 2334 usus
546 2295 626 2344 sum,
644 2285 677 2331 ut
693 2280 824 2349 plurimas
844 2279 1005 2350 praesertim
1020 2277 1139 2336 seiten
1156 2296 1253 2334 emen-

176 2383 302 2438 dationes
320 2400 390 2455 qnue
409 2383 573 2437 certissimae
598 2381 757 2438 viderentur
772 2384 802 2435 ln
818 2381 944 2436 ordinem
960 2384 1091 2436 sermonis
1107 2382 1253 2456 inferremfz

172 2483 300 2539 adderem
323 2487 406 2539 etiam
424 2485 543 2539 subinde
568 2502 637 2556 quse
660 2487 762 2540 iterato
782 2487 907 2540 examine
924 2486 955 2539 in
973 2491 1092 2540 mentem
1109 2486 1178 2540 mihi
1202 2501 1253 2542 ve·

173 2588 278 2642 uirenti
297 2601 331 2639 ex
346 2584 391 2638 his
407 2593 498 2639 sutem
509 2603 579 2658 quae
596 2602 612 2638 a
630 2603 674 2642 me
692 2589 833 2658 proposita
843 2587 982 2652 Bellero,
1000 2589 1078 2641 cuius
1095 2590 1253 2643 auctoritati

175 2692 206 2744 in
231 2691 363 2745 sermonis
380 2690 544 2759 ¹cognitione·
576 2692 688 2754 omnia,
713 2689 781 2743 mihi
806 2689 879 2744 nihil
902 2689 961 2745 iere
984 2693 1096 2758 tribuo,
1120 2693 1253 2765 displicu-

176 2796 229 2850 isse
256 2794 397 2859 rideham,
413 2793 486 2848 nihil
509 2793 624 2858 reduxi,
651 2802 761 2866 praeter
783 2810 911 2867 perquam
933 2812 1019 2866 pauca
1054 2815 1124 2872 quae
1146 2816 1180 2853 ex
1207 2796 1254 2851 hl-

87 2902 92 2912 *
176 2902 261 2954 storia
277 2897 452 2953 diiudicanda
471 2901 567 2950 essent
603 2897 695 2967 lisque
718 2895 787 2950 adeo
810 2905 900 2952 sutem
917 2897 1041 2953 Bellero
1060 2899 1176 2973 obsequi
1192 2917 1254 2955 me-

176 3004 385 3072 erumpentium
410 3016 467 3055 esse
485 2998 566 3064 duxi,
582 3007 632 3064 nt,
654 3001 761 3054 etiamsi
786 3001 902 3056 subinde
919 3002 1074 3074 suspicabar
1091 3006 1253 3075 scriptorum

175 3105 268 3177 petius
288 3085 373 3171 uitia,
396 3121 513 3176 quorum
531 3119 619 3158 sermo
639 3106 741 3158 saeculi
759 3107 802 3158 sui
819 3105 883 3160 labe
899 3115 1039 3161 contactus
1058 3117 1144 3175 met,
1170 3126 1253 3180 φιιιιι

178 3209 327 3263 scribarum
357 3207 508 3280 sphalmata
525 3209 606 3272 tolli,
630 3209 773 3280 impudens
799 3216 892 3264 tamen
914 3209 983 3263 mihi
1006 3212 1079 3266 risus
1102 3229 1204 3276 essem,
1226 3213 1251 3264 si

177 3320 361 3387 conhaquam
378 3312 426 3367 lile
449 3315 604 3378 statuisset,
624 3313 786 3368 deciderem.
807 3313 849 3368 Ad
866 3313 919 3367 hoc
935 3331 1018 3386 genus
1035 3314 1106 3369 illud
1122 3316 1254 3386 pertinet,

176 3425 209 3471 ut
233 3418 355 3490 exempla
376 3417 531 3488 proferam,
549 3418 624 3490 quod
640 3435 721 3490 saepe
741 3434 790 3489 pro
806 3419 910 3473 soristo·
924 3421 1013 3490 primo
1030 3420 1152 3474 lunarum
1169 3433 1251 3488 repo-

176 3522 238 3586 nit,
258 3527 321 3586 aut,
341 3520 391 3575 ubi
407 3523 480 3592 apud
496 3521 627 3587 Priscum,
644 3521 797 3595 Malehum,
813 3519 1009 3586 Menandrum,
1027 3523 1155 3576 amiculus
1173 3521 1250 3578 desi·

178 3621 304 3689 derstur,
327 3640 408 3696 quem
428 3632 501 3681 certe
529 3642 585 3680 non
601 3626 691 3680 minus
707 3626 821 3680 udonis
840 3641 920 3698 quam
944 3640 1024 3679 sanae
1047 3625 1252 3679 consuetudinis

177 3729 251 3798 leges
268 3729 409 3799 flagitant,
428 3747 490 3787 eum
512 3731 623 3795 inserit,
642 3729 686 3783 vel
701 3747 776 3783 casus
796 3729 923 3801 obliquos
944 3730 1137 3800 pronominum
1154 3721 1204 3782 dds
1222 3735 1252 3782 et

177 3819 262 3890 nicae
278 3849 339 3886 curn
351 3831 447 3888 iisdem
464 3835 540 3904 quin
556 3831 669 3886 rasindo
680 3839 710 3887 et
725 3834 856 3891 soscrisse
867 3835 1031 3897 formantur,
1045 3839 1140 3886 mutat
1161 3830 1251 3889 chre-³

177 3935 366 4005 eugraphium,
384 3951 464 4007 φιιιιι
481 3934 567 3990 editio
585 3942 676 3990 nostra
688 3938 719 3989 in
735 3907 855 4008 margirie
873 3933 1000 4001 exhibet,
1017 3937 1054 3991 ad
1072 3943 1197 4008 excerpts
1216 3935 1251 3990 de

176 4037 361 4108 legationibus
379 4053 435 4101 non
451 4041 507 4100 lesi
524 4039 620 4096 labore
636 4037 829 4098 stabilirermm
880 4038 882 4045 ‘
1111 4034 1118 4045 ’
