2734 4634
348 197 376 259 n
407 196 620 260 umanum
647 194 855 260 ursnorua.
1044 166 1131 283 379

60 348 120 416 άάε
139 347 297 433 deprome,
326 346 383 413 aas*
408 348 449 413 σά
474 347 601 436 σφόδρα
620 349 677 432 τῆς
695 352 754 415 τοῦ
772 346 999 435 αὐτοκράτορος
1018 348 1273 433 moze-aeson

59 449 190 531 ξάμενος
204 446 349 532 γνώμης,
370 440 566 529 ἀβουλότατα
588 442 797 530 διεπράξατο·
828 442 1027 543 ἔστειλειράρ
1048 424 1262 549 napissffil

55 542 234 627 Σοοάνοος,
254 542 307 610 τάν
319 548 411 632 σφῶν
431 547 565 629 βασιλέα
584 541 773 629 βουλόμενος
795 537 1029 627 δεξιώσασθαι,
1050 547 1137 612 δελε-

54 645 191 720 άσαντος
212 633 269 709 σάν
290 642 389 709 αάτάν
408 645 441 720 ἐς
460 647 551 709 τοῦτο
572 642 707 720 οἶτοπιόις
727 644 832 709 ἐλθεῖν
852 642 956 708 αὐτοῦ·
976 640 1136 730 Χοσράοο,

38 741 228 829 δέσιιὴπτετο
250 742 286 808 δὲ
304 738 339 807 τὸ
358 739 481 808 τοιόνδε
501 740 557 807 eei
574 743 780 828 ἐμηχανᾶτο,
801 736 886 819 ὅπως
900 736 1003 809 άσοιτό
1023 766 1059 827 ys
1078 736 1139 807 αὖ·

54 847 100 933 τῷ
120 846 153 919 ἐς
173 843 386 924 άικαιολοχιαν
404 837 499 922 τινά,
519 840 563 917 ὥς
585 843 679 907 αι’τοί
698 838 848 922 Σοοάνοι,
879 843 982 907 καίτοι
1001 865 1140 929 προτρα·

55 947 181 1025 πάντες,
204 940 261 1005 cair
289 938 447 1025 άνάσχετοι
468 943 633 1007 ποιοῦνται
650 940 830 1023 Ῥωμαιοις
849 940 1032 1008 ὑπακούειν.
1072 944 1143 1028 ὀξα-

57 1045 187 1107 πέστατο
215 1039 277 1127 γάρ
315 1034 371 1104 ὅτι
400 1030 460 1105 σάν
495 1032 619 1125 ὤνησαν
653 1038 684 1105 οἱ
704 1038 784 1125 πρὸς
803 1036 949 1107 Ἰωάννου
969 1042 1144 1117 σταλέντες.

57 1136 137 1222 μετά
166 1142 268 1206 ταῦτα
292 1137 494 1224 dumah-oso
525 1137 675 1224 Χοσρόης
707 1140 845 1205 στέλλειν
874 1138 1067 1224 πρεσβευτήν
1094 1136 1164 1217 cicc

20 1239 193 1322 ιοβασιλέα
219 1238 406 1320 Ῥωμαίων,
433 1236 490 1306 τάν
508 1241 609 1303 ταῦτα
630 1233 755 1303 ἅπαντα
777 1240 811 1303 έν
827 1238 926 1303 δέοντι
946 1237 1145 1325 καταστησά-

57 1360 177 1422 μενον·
196 1333 253 1401 aas*
271 1330 435 1417 άνέζεοξεν
453 1332 595 1420 Ἰωάννης
614 1336 647 1414 ές
663 1333 700 1401 τά
724 1334 911 1415 Βυζάντιον.

140 1434 178 1511 ς’.
210 1430 278 1501 Ὅτι
296 1438 457 1513 Ἰοοοτῖνος
478 1434 495 1500 ά
514 1432 665 1519 βασιλεάς
686 1433 756 1499 ἕποι’
774 1432 919 1517 ἐπάθετε,
940 1430 984 1511 ὥς
1003 1435 1037 1502 έν
1055 1430 1217 1503 an-M·
1230 1428 1283 1485 5⁶⁶

55 1536 131 1623 ανάρι
151 1532 200 1620 εἴη
220 1537 368 1617 πέμψας,
387 1532 443 1599 aui
461 1528 512 1600 ὅτι
530 1542 597 1610 τοῖς
612 1529 784 1616 Ῥωμαίων
804 1533 843 1596 σά
857 1536 1048 1619 προσέθεντο
1057 1538 1140 1600 Eoo·
1148 1504 1273 1627 {zipha

53 1632 144 1718 άνοι,
173 1636 400 1717 ἐχαλέπαινεν,
429 1627 482 1701 οἷοι
510 1630 604 1709 εἰκάς.
647 1632 704 1698 καί
727 1637 985 1718 παραπρεσβεισις
1005 1634 1143 1719 ἐκρίνετο
1241 1658 1245 1665 ·

14 1733 219 1820 τ5Ἰοοάννης,
241 1729 297 1798 ἅτε
318 1734 355 1797 σά
377 1730 455 1819 πρὸς
473 1729 508 1797 τό
528 1741 673 1798 συνοῖσον
693 1734 734 1821 τῇ
761 1730 901 1823 πολιτεάρι
927 1731 1145 1819 διαπραξάμε-

52 1854 121 1909 νος.
161 1833 238 1898 οάδέ
255 1828 316 1917 γάρ
336 1834 458 1917 χρῆναι
478 1824 573 1897 αὐτὸν
594 1829 712 1918 ἔφασκε
733 1837 878 1912 στεῖλαι,
900 1828 962 1915 εἴγε
982 1829 1028 1915 μὴ
1049 1835 1143 1898 τοῦτο

52 1928 278 1998 ε’νειιελεάσατο
299 1928 316 1995 o‘
336 1927 497 2013 βασιλεύς·
524 1924 584 1994 καίι
604 1930 717 1996 τοάτοο
737 1931 849 1995 δοῦναι
869 1929 1032 2018 πρόφασιν
1053 1934 1145 2016 Πέρ-

51 2054 133 2106 σαις
152 2027 188 2095 τά
210 2032 350 2115 α’δάιημα
370 2024 561 2113 ξυσκιάζειν,
576 2028 631 2093 καί
651 2028 823 2117 προφέρειν
841 2025 963 2113 λόγους,
983 2029 1027 2105 ὥς
1046 2030 1169 2097 artreio

51 2126 199 2197 Σοοάνοι
230 2127 425 2214 άπηνῆναντο
456 2126 496 2193 τά
520 2128 701 2211 Ῥωμαίων.
743 2129 809 2192 ἀλλ’
829 2122 905 2193 odet
924 2132 959 2195 έν
978 2130 1064 2217 άρχῇ
1084 2127 1142 2215 τὴν

12 2225 208 2313 ιοτοιαάιην
226 2230 463 2314 προσδέξασθαι
482 2225 663 2313 πρόκλησιν,
683 2220 880 2312 ἢΣουάνοος
894 2231 1143 2313 προτρέψασθαι

50 2326 144 2397 εἶναι
163 2324 226 2392 άπὸ
242 2323 443 2409 Ῥοιμοάιος,
466 2321 488 2412 ἢ
508 2323 622 2393 τοάτοο
642 2351 677 2410 χε
698 2329 788 2393 ’ἑνεκα
801 2323 996 2411 πρεσβευτήν
1024 2325 1058 2390 έν
1073 2330 1144 2391 Bo-

51 2428 176 2519 tento
206 2427 366 2512 γενέσθαι.
408 2428 573 2514 οάάέιερον
597 2425 661 2513 ,γάρ
691 2424 866 2512 ε’ξάμφοΐν
888 2426 1041 2510 τιν’πρεπὲς
1060 2419 1144 2491 εἶναι

130 2566 157 2619 5.
178 2560 275 2616 ἔσοιτό
290 2562 363 2627 Vct,
381 2558 448 2615 door
464 2557 497 2616 τά
515 2562 587 2633 vulg.
677 2577 717 2616 ιο.
731 2558 763 2616 έν
780 2555 876 2617 δέοντι
892 2556 942 2624 li,
958 2554 1057 2615 tritor
1071 2559 1142 2632 vulg.

128 2652 173 2690 nr.
191 2630 363 2705 πρεσβευτάς
380 2632 453 2701 vulg.

47 2770 153 2827 omnia
172 2769 318 2841 diligenter
337 2769 540 2892 perpenderet,
560 2766 722 2824 habebatur.
758 2768 838 2839 Quae
863 2784 924 2822 enm
951 2768 1068 2821 loannes
1092 2784 1143 2822 an-

48 2845 156 2902 disset,
169 2856 260 2913 neque
280 2842 379 2894 sarisa
416 2857 459 2905 ea,
483 2842 723 2911 qnae-imperator
739 2839 781 2892 illi
799 2848 983 2909 praeceperat,
1008 2836 1144 2892 advertis·-

45 2923 113 2978 set,
129 2909 317 2980 imprudenter
334 2911 409 2976 iecit,
427 2919 456 2963 et
476 2911 511 2963 ad
529 2910 633 2962 Suanos
645 2910 730 2971 misit,
754 2910 802 2980 qui
822 2926 911 2979 regem
929 2925 1022 2964 eorum
1040 2910 1145 2961 saluta-

46 2990 124 3038 rent
145 2982 260 3052 eiusque
281 2982 394 3051 gratiam
418 2982 604 3035 conciliarent
640 2982 679 3035 Eo
701 2979 878 3034 absurditatis
904 2996 965 3032 eum
991 2980 1144 3049 pellexerat

45 3057 207 3110 chosroes.
223 3052 279 3121 Qui
300 3051 399 3104 callide
421 3051 474 3104 boe
491 3059 659 3104 commentus
674 3052 714 3103 ita
730 3051 860 3115 instituit,
878 3050 1050 3114 attraheret,
1068 3047 1145 3122 quod

43 3125 140 3198 quasi
157 3124 219 3174 iure
241 3140 290 3175 suo
307 3123 420 3186 diceret,
438 3123 541 3175 Suanos
562 3124 635 3190 ipsos
659 3121 783 3191 quamvis
807 3128 913 3191 rogatos
941 3120 1068 3173 llomanis
1096 3137 1145 3188 pa-

44 3212 120 3249 rere
137 3205 284 3245 recusasse.
318 3192 437 3245 Noverat
456 3194 544 3256 enim,
563 3200 696 3264 quantum
715 3192 763 3274 qui
781 3207 797 3241 a
814 3192 915 3245 lonnne
932 3192 1007 3243 missi
1025 3192 1143 3253 fuerant,

45 3267 210 3321 efficerent
230 3262 286 3315 Nec
305 3264 391 3318 multo
407 3270 471 3332 post
487 3261 620 3316 Chosrois
636 3263 775 3332 pollicrtus
792 3268 843 3327 est,
856 3278 886 3315 se
906 3262 1024 3333 legatum
1044 3258 1078 3310 ad
1091 3260 1145 3311 lto-

43 3350 203 3390 manorurn
221 3334 413 3405 Imperatorem
431 3336 576 3387 missurum
593 3350 671 3398 esse,
693 3334 743 3407 qui
764 3330 833 3387 haec
855 3333 948 3387 omnia
970 3334 1146 3399 componeret

46 3416 85 3461 et
106 3418 232 3458 resersus
249 3412 291 3456 est
305 3406 420 3458 loannes
436 3404 595 3472 Byzantium

129 3478 156 3529 ἃ
192 3473 312 3528 Iustinus
330 3478 479 3545 hperator
497 3473 547 3526 ubi
564 3473 679 3543 accepit,
698 3472 827 3526 Ioannem
847 3473 950 3543 legatos
969 3468 998 3520 in
1017 3466 1145 3520 suaniam

39 3546 182 3608 misisse,
209 3538 423 3599 Suanos⁸autem
442 3562 545 3599 senon
566 3544 681 3613 irnperio
703 3544 883 3597 Romanorum
897 3539 1060 3602 subiecisse,
1085 3556 1145 3609 gra-

39 3620 132 3673 viter
150 3617 320 3686 molesteque
343 3617 409 3669 tulit
435 3623 464 3667 et
488 3616 618 3667 loannem
640 3614 785 3682 legationis
819 3629 876 3665 non
900 3628 934 3664 ex
959 3608 1081 3661 utilitate
1103 3608 1145 3663 rei

37 3686 189 3761 publienc
206 3693 296 3754 gestae
314 3686 513 3739 condemnavit.
549 3686 605 3740 Nec
620 3685 693 3736 enim
710 3702 739 3737 se
757 3684 858 3745 inscio,
882 3686 930 3734 ant
947 3695 1003 3731 non
1019 3678 1146 3745 iubente,

40 3758 192 3811 debuisse
209 3757 317 3809 mittere
332 3766 362 3811 et
384 3773 418 3809 ex
435 3756 488 3810 boc
498 3759 665 3809 occasionem
687 3756 773 3807 Persis
810 3748 928 3814 raebere,
939 3766 993 3820 qna
1010 3766 1085 3802 sunm
1100 3752 1144 3803 in·

39 3829 197 3881 iustitiam
217 3836 364 3897 tegerent,
388 3835 417 3879 et
442 3828 529 3896 palam
554 3825 760 3896 praedicarent,
784 3772 887 3876 §uanos
912 3822 986 3889 ipsos
1009 3821 1145 3873 llomanu·

37 3916 120 3953 rum
139 3900 285 3965 imperium
303 3898 474 3951 detrectasse.
518 3898 574 3950 Nec
597 3899 670 3950 enim
699 3897 769 3949 banc
793 3892 827 3944 ab
853 3890 968 3961 irnperio
994 3894 1144 3960 suscepisse

73 3969 247 4031 revinctam,
273 3976 304 4020 ut
321 3977 370 4021 aut
386 3967 483 4020 Suanis
501 3967 645 4032 suaderet,
675 3975 707 4019 ut
723 3982 752 4018 se
777 3964 903 4021 Romanis
922 3961 1080 4025 subderent,
1095 3970 1145 4015 aut

36 3989 144 4093 nnius
162 4038 203 4093 rei
222 4040 307 4110 gratia
326 4039 483 4109 Byzantium
502 4036 606 4110 legatus
628 4038 741 4093 reniret
776 4032 911 4089 Neutrum
932 4035 1006 4090 enim
1029 4034 1144 4105 imperio
