2734 4634
114 635 115 638 r
131 625 164 646 ,Ἂν-1

126 655 138 666 i'
161 649 164 657 Κ

127 678 137 696 “’
163 673 168 720 i

170 739 172 747 .
400 623 1025 766 ¹nerssseoaicis

262 895 410 963 Quoauu
433 896 614 962 amioum
637 894 709 945 noc
731 893 910 947 vowmna
932 892 1178 948 consumma.

1242 599 1254 628 λ

183 1169 376 1280 Pontius
409 1213 646 1278 anaauruus
679 1213 887 1278 nnxreeos
897 1215 949 1295 ¹),
977 1214 1142 1277 autimas
1160 1215 1183 1276 r.
1198 1213 1259 1297 ν),

173 1313 394 1410 ΙΜΙιιειιίοηείε.,
415 1315 497 1398 Pago
519 1315 691 1377 Hermensis
703 1361 731 1392 „
752 1337 771 1376 e
789 1315 936 1398 Cerycmn
956 1325 1043 1396 gente
1057 1312 1102 1395 θ),
1123 1335 1262 1378 summos

182 1417 215 1476 iia
234 1417 354 1476 civitate
373 1415 501 1476 honores
521 1414 646 1496 adeptus
667 1425 727 1489 est,
749 1435 802 1475 rex
814 1425 931 1475 creatus
944 1425 1035 1496 atque
1049 1414 1162 1476 archon
1181 1437 1262 1497 epo-

181 1535 314 1597 nymus3
335 1513 549 1596 splendideque
568 1512 765 1596 agonothetae
791 1535 916 1576 munere
944 1513 1163 1576 Panathenaeis
1183 1514 1262 1575 fun-

184 1623 268 1690 ctus3
291 1613 390 1674 clarus
408 1623 509 1674 orator
528 1623 618 1696 atque
636 1613 832 1674 historiarum
851 1615 1002 1696 scriptor,
1032 1625 1153 1696 propter
1180 1635 1263 1696 quas

184 1712 321 1774 fortunae
347 1711 436 1772 simul
462 1722 552 1794 etque
579 1711 744 1774 industriae
763 1711 848 1773 dotes
866 1723 981 1774 statuae
999 1712 1116 1775 honore
1133 1727 1264 1776 ornatus

183 1821 248 1890 est,
274 1811 359 1872 cuius
387 1810 467 1874 basis
493 1831 564 1872 cum
582 1811 670 1872 titulo
691 1821 796 1872 exstat.
837 1810 897 1872 Sed
916 1810 1005 1895 longe
1029 1813 1264 1894 praedationem

183 1909 427 1994 saeculorumque
446 1911 591 1972 memorie
610 1910 736 1993 dignum
754 1911 902 1972 honorem
919 1911 977 1972 sihi
993 1915 1178 1994 comparavit
1195 1935 1263 1996 quo

182 2021 335 2093 tempore,
357 2010 455 2072 effusis
475 2009 508 2068 in
521 2009 676 2070 Graeciam
695 2031 750 2091 per
767 2009 962 2091 Propontidis
980 2009 1111 2072 claustra
1124 2012 1262 2092 Herulis,

184 2111 335 2193 captisque
347 2108 484 2185 Athenis,
509 2097 592 2170 cives
610 2129 712 2170 secum
733 2110 766 2169 in
787 2108 882 2170 saltus
901 2111 998 2172 invios
1017 2131 1053 2170 ex
1072 2109 1157 2174 urbis
1174 2111 1264 2174 clade

185 2209 326 2292 profugos
365 2209 576 2288 confirmavit3
603 2207 735 2290 bellique
761 2207 801 2269 ab
833 2209 870 2269 iis
894 2207 956 2270 dux
978 2212 1173 2289 constitutus,
1204 2211 1263 2272 ad-

184 2318 288 2370 vectae
307 2311 340 2368 in
365 2307 482 2369 Atticae
501 2327 588 2370 oram
607 2329 751 2368 romanae
770 2306 878 2388 classi,
905 2308 954 2368 cui
976 2307 1153 2371 Cleodamus
1171 2331 1263 2393 prae-

186 2419 260 2480 erat,
283 2410 478 2486 coniunctns,
499 2405 644 2468 ultionem
659 2407 697 2468 de
712 2405 850 2468 barbaris
862 2406 993 2489 aliquam
1012 2410 1140 2486 sumsit,
1161 2407 1263 2470 tribus

185 2505 318 2566 millibus
347 2525 381 2565 ex
410 2506 543 2587 ipsorum
571 2527 698 2568 numero
724 2529 778 2588 per
806 2508 993 2568 occasionem
1032 2506 1191 2569 interfectis
1217 2509 1258 2588 ⁴).

187 2606 257 2683 Quo
270 2604 348 2664 lacto
360 2605 408 2663 vir
426 2605 550 2664 eximius
570 2615 637 2685 post
653 2605 834 2686 quingentos
848 2624 943 2664 annos
953 2602 1150 2667 Athenienses
1167 2610 1261 2670 armis

187 2704 323 2765 desuetos
338 2701 454 2762 adrem
474 2700 659 2784 gloriamque
673 2702 833 2763 militarem
850 2706 1002 2763 revocavit
1015 2725 1025 2763 t
1056 2705 1264 2768 Mithridatico

188 2805 269 2864 enim
288 2801 369 2862 bello
388 2822 450 2861 non
464 2821 519 2862 sua
532 2823 631 2882 neque
649 2813 756 2883 sponte
773 2823 857 2862 arma
874 2812 1010 2862 moverat
1025 2801 1126 2863 infelix
1143 2805 1260 2867 civitas.

188 2903 291 2980 Quum
316 2900 407 2983 igitur
421 2901 459 2960 de
481 2899 537 2960 hac
552 2902 680 2984 Dexippi
699 2899 795 2983 gloria
814 2899 921 2961 titulus
940 2911 1055 2962 statuae
1072 2901 1176 2983 sileat,
1196 2925 1262 2965 cre-

188 3000 286 3061 ditum
324 3009 369 3061 est
396 3001 480 3081 prius
505 3003 633 3081 positam
656 3021 830 3082 essequam
850 2998 933 3060 illam
954 2999 1185 3082 adipisceretur:
1213 3005 1262 3064 cui

187 3102 320 3183 opinioni
347 3099 433 3160 facile
462 3099 654 3179 accederem,
680 3101 707 3160 si
733 3099 860 3160 historia
884 3103 973 3174 aevi,
1009 3121 1126 3182 „qum
1151 3104 1263 3184 partim

188 3223 223 3262 ex
245 3200 354 3279 libris,
375 3199 485 3282 partim
512 3221 529 3260 e
556 3201 619 3260 vita
635 3197 804 3277 hauserit,''
825 3209 860 3259 ut
885 3201 1066 3283 epigramma
1087 3201 1261 3282 praedicet,

188 3298 307 3361 diversa
331 3321 395 3362 esse
425 3310 524 3382 posset
561 3300 601 3360 ab
630 3297 682 3360 illa
709 3300 806 3360 omnis
839 3301 926 3378 aevi,
955 3302 1040 3360 cuius
1068 3303 1205 3362 notitiam
1226 3324 1263 3364 ex

187 3397 326 3480 Eunapio
357 3411 387 3460 et
409 3399 521 3462 Photio
545 3399 702 3461 habemus.
744 3399 793 3460 ua
817 3400 850 3460 in
879 3400 977 3482 primo
998 3399 1117 3463 Claudii
1142 3399 1262 3464 Gothici

227 3578 380 3664 epitomen.
397 3582 531 3652 integrum
550 3581 663 3666 exhibet
679 3581 759 3633 inser.
770 3582 829 3635 380.
841 3595 912 3651 corp.
926 3583 1004 3664 inser.
1022 3597 1105 3652 graec
1169 3583 1198 3653 a)
1215 3583 1261 3668 §ie

257 3657 414 3772 tulit
434 3651 656 3791 sitistis?
658 3666 707 3772 'al'
716 3653 814 3772 12¹3?
815 3666 883 3793 'wip‘
895 3652 1261 3792 nltttt'tltl'ittlt

255 3791 398 3859 paululum
419 3786 453 3840 ab
473 3793 521 3842 illa
541 3792 690 3852 diversam,
709 3809 790 3862 quam
799 3791 943 3843 Gihbonus
953 3830 962 3856 ,
976 3807 1115 3862 nunquam
1132 3793 1192 3844 sine
1208 3793 1262 3845 ho-

255 3861 329 3912 noris
346 3860 514 3929 praelatione
535 3862 725 3923 nominandus,
744 3861 922 3930 excogitavit,
939 3877 1012 3913 nunc
1030 3861 1137 3914 demum
1146 3899 1156 3925 ‚
1181 3861 1262 3915 editis

257 3928 352 4051 reptili.
370 3931 456 4053 tilleiot
466 3933 599 4005 excerptis
618 3932 652 3986 dc
671 3933 814 3987 sententiis
830 3931 1003 4002 (pmii-ah
1021 3933 1064 3986 ed.
1082 3933 1181 4005 Boon.)
1196 3951 1260 3988 cou-

258 4014 270 4051 s
285 4014 293 4048 ι
308 4015 372 4050 uere
402 4016 463 4054 ica.
