2734 4634
319 170 585 235 sumtuum
612 168 818 275 msroms.
1030 144 1110 232 301

30 323 90 390 καὶ
110 322 190 403 δύο,
220 321 399 406 δυσβάτοις
417 324 453 387 τέ
469 346 558 399 τινας
578 325 705 409 χώρους
724 321 1022 410 παραμειψάμενος,
1049 329 1255 415 έγέ-λ.ῦ.569

28 447 103 489 νετο
132 420 213 487 κατὰ
240 421 279 487 τό
313 421 431 508 ῥεῖθρα
456 425 513 486 τού
533 418 603 504 Ἴχ,
633 416 672 486 ού
700 421 764 507 μὴν
789 421 870 489 etti
891 423 1044 492 καὶκατὰ
1065 414 1212 493 rdv¹¹¹d·²

28 527 142 606 Δαλχ,
166 522 222 587 soi
239 519 295 587 διό
316 525 435 602 λιμνῶν
453 517 567 606 ἑτέραν
587 513 687 597 αὖθις
705 523 740 599 ές
758 519 810 587 τόν
827 522 995 589 Ἆπιλαν·
1023 488 1215 592 stridulum

30 623 80 697 τός
103 619 296 706 Οὖγούρους,
318 622 352 686 οδ
371 618 409 705 δὴ
431 622 489 684 καί
501 642 613 705 σφισιν
635 620 834 704 ύιιὴγγειλαν,
856 621 898 698 ιός
919 625 964 701 τός
982 621 1025 688 τό
1045 625 1144 712 respic

12 719 95 791 ὄτόν
115 722 266 806 Κωφῆνα
286 717 430 800 ποταμόν
451 719 484 795 ές
504 717 541 783 τό
573 715 671 784 λα’σια
698 722 845 806 τέσσαρες
872 719 1014 804 χιλιάδες
1032 728 1123 810 ssep-

28 822 102 885 σῶν
126 821 311 903 ἔπιτηρούσι
330 821 620 902 προλελοχισμένοι,
640 813 684 893 οἷς
703 811 744 883 όν
762 815 972 905 χειρώσονται
990 820 1125 905 παριόν-

31 943 99 993 τας
118 914 242 992 αύτούς.
282 911 382 1005 ταύτῃ
403 939 454 982 τοι
472 915 490 983 ό
513 919 576 981 τῶν
599 912 770 1003 Ου’γούροιν
788 913 975 1002 ἡγούμενος,
1002 915 1039 996 ὃς
1059 923 1125 987 διέ·

30 1019 141 1096 σωζεν
173 1017 272 1081 terme
296 1019 356 1081 τού
373 1011 576 1097 Διζαβούλου
607 1012 643 1080 τὸ
662 1010 796 1101 κρότος,
821 1012 989 1101 πληροόσας
1007 1013 1125 1097 ὕδατος

34 1110 160 1190 ἇσκούς
186 1116 359 1200 παρέσχετο
388 1123 454 1191 τοῖς
474 1110 550 1200 περὶ
567 1109 762 1198 Ζήμαρχον,
789 1112 834 1190 οός
861 1110 899 1180 όν
925 1113 1028 1199 ἔχοιεν
1048 1114 1125 1186 ὅθεν

9 1212 242 1300 ούδρεύσοινιο
272 1212 326 1279 διό
354 1216 411 1299 τῆς
435 1212 575 1298 ἀνύδρου
596 1211 705 1290 ἰόντες.
746 1204 841 1298 εὗρον
862 1215 973 1280 δὲκαὶ
992 1213 1121 1302 λίμνην,
1168 1197 1172 1212 ’
1219 1283 1223 1296 ,

33 1313 99 1378 κατ’
126 1308 400 1398 παραμειψάμενοι
417 1309 455 1376 τό
474 1313 556 1394 μέγα
574 1315 667 1378 τούτο
688 1307 896 1397 ύόροστόσιον
924 1315 1071 1399 α’φόκοντο
1090 1314 1125 1389 ές

33 1415 162 1487 ἐκεινας
181 1409 239 1488 τός
260 1410 397 1496 λιμνας,
424 1414 459 1479 ἐν
480 1406 532 1487 αἷς
550 1407 791 1497 ἐπιμιγνύμενος
812 1403 984 1477 ιἰιιόλλυται
1004 1409 1021 1476 ό
1043 1416 1121 1479 Κα-

33 1510 106 1600 φὴν
126 1509 276 1592 ιιοταμύς.
307 1509 342 1590 ἐξ
362 1514 481 1577 ἐκείνου
507 1507 546 1597 δὴ
568 1514 626 1607 τού
642 1506 752 1595 χιόρου
772 1511 931 1592 πέμπουσι
950 1512 1124 1598 διοπτῆρας
1232 1585 1236 1594 ,

33 1613 383 1694 προδιασκεψομένους,
406 1607 469 1695 εἴγε
489 1610 534 1686 ὥς
554 1610 681 1695 densos
692 1607 721 1672 oi
736 1610 866 1694 Πέρσαι
885 1610 1122 1697 ἐνεδρεύουσιν·

9 1713 70 1784 5οΐ
91 1709 133 1795 δὴ
157 1704 397 1793 όνιχνεύσαντες
419 1707 609 1794 ἀπήγγειλαν
627 1711 749 1794 μηδένα
769 1710 857 1774 ι’δεῖν.
879 1702 964 1790 ὅμως
985 1708 1042 1786 ξύν
1060 1716 1150 1792 prs-1)

30 1809 135 1898 γύιτιρ
158 1805 249 1898 φόβῳ
268 1808 417 1897 ἀφίκοντο
439 1810 474 1887 ές
490 1805 656 1893 Ἀλανιλιν,
686 1804 767 1875 κατὰ
794 1804 830 1872 τό
850 1810 971 1892 μᾶλλον
992 1804 1127 1884 δεδιότες

30 1907 72 1973 τό
96 1911 201 1995 φῦλον
220 1913 284 1975 τῶν
300 1905 510 1995 Ὀρομοσχιόν.

122 2008 166 2075 θ’.
197 2003 269 2073 Ὅτι
288 2005 444 2092 γενόμενοι
462 2005 497 2073 έν
527 2007 657 2098 Ἀλανέρι
674 2005 763 2093 nopai
786 2005 952 2093 Σαριόδιον
970 2003 1028 2072 τόν
1047 2007 1129 2072 έκεέ-

31 2134 103 2176 νων
123 2105 285 2191 ἡγεμόνα,
319 2104 375 2172 sei
402 2101 470 2189 ἅμα
488 2115 555 2183 τοῖς
574 2100 737 2188 ἑπομένοις
762 2100 911 2191 Τούριιοις
938 2105 1214 2190 έσφοιτῆσαιῗιγό

4 2203 250 2292 ιοβουλόμενοι,
281 2204 298 2272 ό
319 2204 481 2293 Σαριόδιος
499 2204 553 2272 τόν
572 2206 632 2297 μὲν
649 2205 823 2292 Ζὴμαρχον
840 2207 897 2270 καί
915 2203 989 2278 τούς
1009 2199 1125 2282 ἑπομέ-

30 2313 116 2382 νους
146 2307 271 2384 ἐδέξατο
301 2302 468 2388 οἰομένας,
497 2303 573 2380 τούς
601 2307 636 2370 δὲ
657 2302 696 2389 δὴ
725 2306 873 2389 πρέσβεις
892 2303 956 2367 τῶν
979 2297 1128 2384 Τοόρκων

31 2406 163 2494 ἔφασκε
189 2404 234 2489 μὴ
260 2403 411 2492 πρότερον
439 2406 494 2489 τῆς
521 2403 564 2481 ὥς
589 2400 685 2468 αύτόν
705 2397 832 2468 εἰσόδου
853 2408 972 2484 τυχεῖν,
993 2392 1014 2484 ἢ
1034 2421 1130 2463 κατα-

113 2543 139 2579 a.
160 2530 185 2581 3.
202 2526 227 2578 5.
243 2523 351 2586 lemba,
372 2523 448 2584 tait,
464 2524 551 2593 Volga
568 2522 672 2595 (Ethel)
690 2522 816 2584 ,Kuma,
840 2520 923 2572 fluvii.
942 2516 974 2570 Ν.
1035 2518 1059 2571 3.
1079 2503 1128 2566 διό
1213 2521 1216 2525 ’

111 2597 224 2667 λιμνῶν
238 2596 282 2656 H,
299 2594 534 2664 dariisprorrulg.
589 2594 619 2663 4.
642 2590 839 2661 Ου’τιγοόρους
856 2599 884 2643 et
900 2609 923 2662 7.
947 2585 1134 2656 Οδτιγούρυιν

109 2669 183 2720 coni.
191 2668 223 2720 N.
275 2669 301 2722 6.
311 2665 467 2735 παριόντας
485 2665 618 2727 Castori,
636 2662 782 2734 παρόντας
800 2662 869 2729 vulg.
924 2659 973 2730 γ.ό
993 2676 1045 2710 οιιι.
1056 2659 1129 2726 vulg.

72 2777 84 2825 i
118 2775 253 2826 Romanos
277 2773 450 2831 monuerunt,
474 2768 504 2818 in
523 2765 614 2818 densis
640 2771 669 2816 et
685 2764 827 2818 arboribus
848 2762 958 2817 consitis
977 2761 1044 2812 locis
1060 2761 1131 2812 circa

28 2795 204 2916 ddphenem
222 2842 324 2892 flumen
344 2841 428 2890 latere
446 2840 477 2888 in
496 2835 605 2888 insidiis
624 2836 756 2888 collocata
775 2836 913 2888 Persarum
932 2841 1047 2904 quatuor
1064 2828 1132 2881 mil-

30 2922 92 2978 lia,
126 2914 177 2983 qni
206 2918 410 2982 proetereuntes
435 2925 481 2958 eos
506 2908 626 2974 captivos
654 2907 782 2960 facerent.
819 2909 970 2974 Ugurorum
989 2901 1062 2962 dux,
1101 2901 1131 2952 ui

29 2989 98 3042 illic
119 3002 154 3036 ex
173 2985 334 3034 auctoritate
352 2978 478 3031 Disabuli
505 2977 650 3046 imperium
673 2973 810 3039 habebat,
834 2985 907 3026 utres
934 2989 1005 3042 aqua
1031 2919 1131 3040 impdc·

28 3061 75 3111 vit
106 3064 138 3106 et
164 3053 293 3121 praebuit
316 3046 459 3101 Zemarcbo
487 3054 516 3096 et
541 3049 601 3098 eius
628 3048 789 3109 comitibus,
815 3051 854 3109 ut,
870 3059 930 3096 cum
955 3040 1130 3111 perdeserta

30 3132 136 3187 irent,
153 3123 288 3176 baberent
312 3119 385 3173 unde
411 3124 584 3189 aquarentur.
626 3117 792 3170 Invenerunt
809 3123 838 3167 et
855 3112 983 3185 paludem
1015 3119 1044 3163 et
1070 3126 1132 3162 nra-

29 3213 127 3269 gnnm
154 3194 227 3246 illud
253 3201 375 3258 stagnum
396 3188 602 3259 praetergressi,
621 3193 805 3255 pervenerunt
827 3185 861 3237 ad
885 3202 929 3237 eas
947 3181 1083 3254 paludes,
1102 3181 1133 3230 in

30 3286 110 3343 quas
132 3266 273 3316 immixtus
286 3261 399 3330 Cophen
416 3259 502 3311 amnis
521 3273 579 3308 sese
598 3256 722 3308 effundit.
760 3259 799 3309 Ex
817 3258 920 3308 eoloco
939 3255 1054 3306 mittunt
1083 3249 1133 3318 qui

30 3341 235 3409 explorarent,
254 3351 290 3386 sn
306 3349 400 3385 rerum
418 3337 503 3391 esset,
522 3329 613 3379 Persas
631 3327 661 3380 in
691 3326 799 3379 insidiis
818 3343 884 3380 esse.
921 3325 957 3376 lli
975 3320 1072 3376 iisdem
1089 3327 1135 3368 to-

29 3421 95 3464 tam
119 3405 262 3476 regionem
287 3402 448 3471 perscrutati
474 3400 674 3460 renuntiarunt,
694 3413 722 3449 sc
740 3398 876 3450 neminem
895 3395 1002 3446 vidisse.
1039 3386 1135 3439 Nihilo

27 3484 134 3533 secius
165 3479 195 3528 in
212 3475 337 3526 Alesiam
354 3487 450 3541 rnsgna
477 3485 537 3521 cum
556 3468 756 3537 trepidatione,
773 3478 918 3540 propterea
937 3459 1010 3535 quod
1029 3466 1135 3510 metue-

26 3556 110 3608 bant
129 3555 239 3619 gentem
258 3541 485 3599 Oromoschorum
496 3577 504 3602 ,
517 3544 710 3608 properarunt.

110 3638 140 3689 9
180 3617 273 3687 Quum
292 3617 321 3667 in
341 3615 465 3666 Alaniam
482 3611 678 3679 pervenissent,
697 3617 724 3660 et
742 3608 895 3668 Sarodium,
913 3595 1060 3656 Alanoruin
1080 3598 1134 3650 du-

29 3711 119 3753 cem,
139 3706 198 3740 nna
214 3703 275 3740 cum
291 3686 386 3739 Turcis
405 3681 482 3734 adire
500 3680 619 3741 velient,
637 3677 765 3730 Sarodins
783 3677 895 3751 quidem
915 3669 1088 3724 Zemarebum
1106 3675 1135 3720 et

28 3767 85 3836 qui
111 3776 181 3813 eum
200 3775 233 3812 eo
251 3765 329 3809 erant
354 3756 472 3819 benigne
504 3760 532 3802 et
550 3751 663 3802 comiter
683 3751 806 3819 excepit,
825 3744 872 3796 sed
894 3745 1042 3796 Tuscorum
1061 3741 1137 3809 legn-

29 3846 79 3888 tos
101 3830 197 3903 prius,
216 3844 296 3900 quam
318 3843 390 3877 arms
418 3823 617 3892 deposuissent,
637 3819 665 3870 in
685 3837 762 3870 snum
783 3821 955 3885 conspectum
973 3813 1066 3864 venire
1084 3825 1137 3859 no·

25 3909 103 3960 luit.
145 3899 267 3951 Maximo
286 3896 370 3966 igitur
386 3896 458 3945 inter
475 3894 548 3962 ipsos
567 3907 648 3955 super
662 3889 712 3941 bac
731 3907 760 3941 re
779 3897 839 3939 orto
858 3895 886 3940 et
903 3885 1064 3939 continuate
1086 3895 1137 3950 por

29 3988 94 4030 tres
117 3973 183 4024 dies
202 3971 367 4028 certamine,
386 3962 577 4016 dissidentium
595 3960 698 4012 arbiter
722 3961 777 4011 suit
794 3956 960 4009 Zemarehus.
996 3949 1137 4011 Tandem,
1208 3987 1211 3991 .

33 4047 129 4100 armis
149 4041 302 4114 depositis,
328 4046 361 4091 ut
379 4034 493 4091 Sarodio
509 4033 666 4106 placuerat,
684 4047 748 4084 eum
767 4027 902 4083 adierunt.
939 4022 1069 4082 Sarodius
1087 4037 1136 4074 au-
