2734 4634
478 144 741 219 memb.
1068 150 1144 243 107

77 307 122 371 esi
138 300 357 381 δνυπόστατος
384 302 431 391 τῷ
456 326 492 370 τε
512 300 713 384 πλεονάζοντι
732 304 791 368 τού
812 302 1010 389 δρασεηριου
1027 306 1147 390 φοβόν,

75 404 191 486 ίνεϊχεν
211 401 275 467 ent
293 406 439 489 incessite
459 397 608 481 ἅπαντας.
651 406 725 470 Voc.
747 403 865 485 ἀνεῖχε.
926 438 929 447 ·

141 499 177 565 ε’.
214 500 286 566 ’Καὶ
310 497 366 565 τόν
387 494 558 567 Ἰουλιανόν
582 500 700 567 πολλοὶ
733 503 820 566 δίκαι
839 498 999 584 ἔχω’ρουν,
1026 498 1146 582 χανδόν

69 600 313 687 ἐμφορουμένων
340 604 404 665 τοῖν
431 599 609 686 άνθρόπων
637 603 694 684 τῆς
724 599 922 683 δικαιοσύνης
950 600 1009 661 τού
1028 600 1147 684 κρίνον·

52 700 132 774 ὄιος·
172 696 334 781 άναβολαί
360 722 396 763 τε
428 698 486 764 osia
514 693 599 783 ἦσαν
624 701 672 765 tu’
700 698 828 779 ούταῖς,
857 691 933 763 ύσαι
958 696 1091 779 νόμιμον
1110 700 1146 763 ia

68 801 127 862 saie
155 797 305 882 συνήθων
330 793 525 881 γραμμάτων
554 795 590 864 τό
612 790 722 864 ἄδικον
751 796 964 880 ύτχουσινεῑς
994 792 1147 879 βοήθειαν

66 898 125 961 τόν
153 894 347 961 ἀδικούντων
372 894 427 960 καί
454 895 707 984 προειληφότων·
757 896 826 960 ἀλλ’
852 886 1090 981 ἢπαραχρῆμα
1110 892 1144 959 ἔ-

67 997 114 1058 δει
132 992 167 1059 τό
193 990 262 1059 ἶσον
288 996 472 1077 ἐλέγχεσθαι
502 993 581 1059 κατά
609 993 723 1082 φύσιν,
751 989 774 1079 ἢ
794 992 830 1060 τό
851 997 966 1076 μέλλον
991 996 1046 1058 καί
1066 994 1142 1057 διω-

66 1092 215 1173 θούμενον
230 1093 277 1170 είς
302 1092 359 1158 τόν
383 1092 499 1178 χρόνον
524 1090 661 1159 ύττονιτον
693 1088 753 1178 ἦν.
791 1092 895 1179 βαρύς
921 1094 982 1175 μὲν
1010 1084 1066 1156 ούν
1085 1088 1142 1157 καί

39 1188 198 1276 τολυιιηρός
230 1186 381 1275 ἐτύγχανε
387 1242 398 1272 ,
426 1191 483 1258 καί
525 1194 581 1256 ε’τεί
613 1194 717 1258 τοῖσδε
753 1192 809 1259 καί
833 1188 869 1259 τό
901 1193 964 1256 ταῖν
999 1192 1168 1277 πονηρῶνη

64 1286 144 1365 ἔθνος
177 1293 236 1355 καί
267 1280 457 1356 ἀδικούντων
490 1289 680 1378 διηγείρετο·
740 1286 777 1357 ού
808 1289 870 1377 γάρ
902 1293 1021 1355 άδικεῖν
1047 1292 1138 1373 ἐξῆν,

66 1383 134 1453 aits
160 1390 332 1455 λανθάνειν
364 1385 531 1455 άδικούσι.
570 1389 749 1477 βαρύτερον
777 1392 812 1455 δύ
836 1386 934 1455 atris
959 1389 1141 1455 ότιεδεύινυε

62 1498 117 1563 τοῖς
142 1493 321 1575 μοχθηροῖς
341 1488 396 1553 καί
414 1489 450 1553 τό
475 1487 687 1575 ε’άνιρόσοδον.
736 1482 787 1555 οἷα
814 1487 874 1576 γάρ
896 1488 1058 1576 προϊόντος
1076 1492 1137 1569 μὲν
1185 1526 1186 1531 1

62 1590 201 1663 πολλάκις
232 1584 287 1651 διά
318 1586 375 1663 τάς
409 1587 591 1674 ἱερομηνίας
610 1594 665 1655 καί
681 1586 816 1671 θυσίας,
842 1590 960 1675 ἡμέρου
983 1591 1018 1655 δὲ
1042 1586 1138 1675 φύσει

38 1684 139 1770 ,5,-τρός
155 1691 265 1751 πάσαν
284 1683 420 1766 ἔντευξιν
431 1687 652 1772 τυγχάνοντος,
671 1688 857 1755 dedicare*
875 1685 951 1765 τούς
972 1691 1139 1771 δεομένους

68 1783 152 1867 λόγου
171 1794 293 1868 τυχεῖν.
327 1786 425 1867 δμὲν
457 1778 515 1850 ούν
546 1787 707 1870 ἐλάχιστον
735 1791 791 1871 τῆς
819 1785 880 1853 siai
907 1790 972 1852 cciv
992 1790 1232 1872 πονηρῶνῐλτσε

68 1881 174 1968 ταύτης
199 1883 407 1970 βλασφημιύις
432 1908 467 1951 τε
495 1883 550 1951 καί
577 1881 671 1973 όρμῆς
699 1882 856 1976 ᾐσθάνετο
876 1888 931 1953 καὶ
956 1886 1141 1975 ἐφρόντιζε.

70 1983 140 2047 Voc.
158 1982 338 2059 Ἰουλιανός.
870 1987 871 1991 ’

143 2076 178 2155 ς’.
224 2081 430 2166 Σαλούστιος,
464 2084 561 2170 ότῆς
575 2078 691 2170 ,ου’λῆς
716 2082 854 2171 ἔπαρχος
874 2084 929 2152 ἔτί
954 2085 1230 2167 Ἰουλιανού,Ρι3ιι

35 2173 140 2265 τοάνηρ
166 2174 208 2266 ἦν
235 2181 451 2269 διαφερόντως
484 2182 626 2271 περιττός
664 2187 709 2263 εἷς
739 2189 998 2273 φιλανθρωπίαν·
1056 2174 1080 2272 qi
1107 2206 1144 2267 ys

68 2281 207 2345 τοσούτον
250 2278 440 2367 ἡμερότητος
478 2287 534 2351 καί
577 2284 753 2373 πρᾳότητος
783 2284 925 2371 ὑπῆρχεν
964 2284 1010 2359 εἰς
1040 2280 1145 2347 ἅπαν-

67 2402 135 2459 τας,
165 2375 249 2446 ὥστε
277 2378 334 2447 τόν
363 2380 553 2469 Μάρκελλον
585 2386 700 2449 ἐκεῖνον
707 2433 719 2465 ,
751 2381 827 2465 τόν,
863 2384 954 2468 ἡνίκα
989 2376 1029 2467 ἦν
1058 2385 1145 2447 Καί-ι

70 2588 98 2635 et
112 2584 206 2656 insigni
224 2603 315 2640 rerum
334 2586 511 2655 gerendarum
529 2585 644 2642 audacia
659 2588 789 2641 nortales
806 2592 935 2653 terreret,
953 2601 1046 2638 omnes
1064 2599 1081 2635 a
1097 2584 1141 2637 la-

68 2653 176 2708 trocinio
192 2654 372 2726 prohibebat.

131 2726 153 2776 5.
186 2728 234 2779 Ad
262 2728 400 2779 lulianum
424 2728 528 2782 multae
559 2745 657 2783 casssae
689 2728 897 2791 deferebantur,
924 2724 998 2799 quod
1014 2724 1139 2779 homines

67 2794 161 2847 atatim
178 2797 258 2849 illius
277 2798 376 2851 iudicia
395 2800 535 2869 aequitate
554 2801 719 2858 fruerentur.
754 2800 849 2873 Neque
867 2798 941 2855 enim
960 2796 1139 2851 dilationibus

67 2863 194 2917 eiusnodi
225 2866 302 2919 locus
328 2878 404 2932 erat,
432 2887 502 2941 quae
526 2870 586 2939 lege
611 2874 741 2925 sancitam
769 2870 938 2923 econsuetis
962 2870 1067 2937 scriptis
1092 2868 1141 2919 ba-

66 2929 156 2987 berent
177 2938 373 3009 iniquitatem,
397 2945 426 2992 et
459 2939 618 2992 bominibus
645 2941 755 2993 iniustis
784 2940 928 3011 alienaque
951 2936 1140 2991 detinentibus

66 3006 272 3075 auxiliarentur3
298 3008 347 3061 sesi
376 3018 425 3063 aut
453 3012 544 3063 statim
575 3011 701 3083 aequitas
732 3018 846 3063 naturae
877 3015 1057 3063 consentanea
1089 3009 1140 3061 ‹lo-

66 3077 234 3130 nonnanes
273 3089 346 3143 erat,
370 3090 419 3132 arat
446 3097 520 3133 mora
547 3088 576 3131 et
598 3083 807 3151 procrastinatio
833 3089 956 3150 suspecta
978 3078 1140 3131 habebatur.

68 3144 153 3198 Gravis
185 3150 273 3217 igitur
302 3160 331 3203 et
354 3152 485 3202 molestos
514 3159 589 3212 erat,
621 3159 650 3204 et
678 3152 714 3202 ob
740 3152 807 3203 baec
830 3148 1014 3221 improborum
1039 3157 1068 3199 et
1096 3148 1140 3197 in-

68 3215 191 3269 iustorum
211 3220 287 3272 natio
313 3221 531 3291 exasperabatur.
573 3221 630 3273 Nec
657 3224 730 3276 enim
755 3222 883 3275 iniuriam
907 3220 997 3272 lacere
1024 3214 1140 3281 licebat,
1246 3248 1250 3257 ι

67 3300 124 3365 pte,
141 3292 191 3358 qai
218 3291 347 3343 iniuriam
373 3292 519 3353 fecissent,
549 3292 635 3344 latere
667 3300 802 3361 poterant.
845 3292 1032 3345 Molessiorem
1056 3286 1141 3339 etiam

68 3359 190 3425 mprobis
219 3361 297 3411 illurn
321 3360 457 3417 reddebat
482 3362 603 3427 adeundi
627 3362 751 3417 facilitas.
788 3362 856 3415 Cum
880 3362 954 3417 enirn
973 3373 1052 3427 saepe
1074 3374 1141 3427 pro-

67 3435 121 3491 pter
137 3430 207 3481 lenta
227 3439 258 3482 et
279 3432 410 3484 sacrificia
434 3433 464 3484 in
492 3430 633 3501 publicum
660 3434 798 3503 prodiret,
824 3435 1006 3500 omnibusque
1037 3443 1141 3481 comem

68 3505 92 3573 et
107 3499 244 3552 affabilem
262 3519 290 3553 se
309 3503 468 3571 praeberet,
493 3503 614 3573 quilibet
637 3520 700 3556 eum
723 3506 835 3575 adloqui
854 3506 970 3571 poterat.
1005 3490 1058 3551 Ille
1075 3514 1140 3551 vero

68 3570 246 3689 lmprlqbornm
281 3573 426 3625 maledieta
461 3580 490 3625 et
523 3573 742 3643 indignationem
773 3575 886 3627 minime
917 3566 1055 3623 sentiebat
1093 3577 1143 3623 aut

69 3650 123 3686 eura
145 3648 183 3696 at.

127 3711 152 3761 6.
190 3712 340 3775 Salustius,
363 3710 443 3767 aulae
467 3712 621 3784 praefectus
657 3712 707 3766 sub
739 3714 863 3774 Iuliano,
887 3710 929 3764 vir
962 3712 1017 3765 suit
1041 3708 1144 3777 insigni

69 3782 93 3824 et
116 3780 216 3833 eximia
240 3782 411 3837 humanitate
440 3785 596 3855 praeditus,
629 3786 678 3857 qui
704 3784 773 3836 adeo
806 3789 961 3837 mansuetus
992 3791 1022 3834 et
1061 3778 1144 3831 beni-

71 3862 129 3927 gnos
155 3866 218 3919 erga
247 3871 342 3907 omnes
375 3854 443 3917 luit,
475 3864 507 3907 ut
524 3856 683 3907 Marcellum
716 3854 808 3919 illum,
837 3854 885 3925 qui
919 3853 992 3926 (qno
1021 3858 1144 3921 tempore

71 3913 159 3973 iactas
182 3924 275 3994 ipsum
301 3927 495 3980 contumeliose
524 3927 667 4000 tractarat)
686 3927 847 3998 perterritus
876 3932 935 3979 erat
957 3924 994 3978 ob
1019 3938 1060 3976 res
1079 3926 1144 3975 anto
