2734 4634
82 1522 249 1624 parisinarn
270 1565 464 1625 historicorum
482 1571 691 1642 byzantinorum
709 1571 860 1629 editionem
879 1589 936 1632 nan
956 1591 990 1631 eo
1011 1578 1104 1635 animo
1120 1581 1159 1634 ab

82 1681 158 1734 initio
174 1681 333 1736 institutam
343 1669 412 1736 'esse
432 1685 473 1736 nt'
493 1684 627 1756 integrum
644 1685 806 1755 scriptorum
817 1690 1156 1761 corpnsuonapieeteretnr,

84 1786 207 1856 inspeetis
234 1786 422 1842 voluminibus
449 1803 519 1858 quae
540 1796 605 1842 ante
622 1789 727 1842 editum
745 1808 762 1843 a
779 1790 906 1861 Philepo
922 1791 1034 1846 babbeo
1049 1801 1158 1865 prutre-

84 1889 170 1958 ptieon
197 1891 380 1960 prodierant,
406 1892 487 1946 facile
511 1901 630 1964 apparet
666 1893 791 1949 labbeus
815 1903 922 1961 autem,
944 1903 999 1951 tum
1025 1897 1158 1950 bistoriae

85 1995 235 2064 cognitione
264 2011 348 2070 qnam
364 1995 474 2067 ingenio
495 1995 650 2068 iudiciique
666 1999 783 2051 unitate
800 1999 907 2070 egregie
927 1999 1090 2066 instruetur,
1115 2001 1158 2055 si-

85 2097 169 2150 mulne
185 2116 248 2153 sese
268 2100 347 2170 operi
358 2100 531 2172 exsequendo
548 2099 677 2166 dederat,
698 2103 832 2173 eorporis,
851 2103 925 2175 quud
943 2103 1072 2177 deinceps
1089 2119 1159 2174 pau-

84 2201 157 2254 latim
174 2206 280 2268 crevit,
295 2205 439 2276 imaginem
459 2203 513 2258 sibi
524 2205 691 2271 informavit,
708 2207 991 2295 eiusqueperdciendi
1008 2208 1157 2261 animosam

86 2321 154 2374 spem
177 2307 320 2376 concepitt
348 2325 402 2378 qun
424 2305 521 2360 duetus
546 2307 663 2362 indicem
688 2309 774 2361 intnri
799 2312 973 2379 syntagmatis
1000 2308 1158 2377 proposuit3

86 2410 210 2480 siugulis,
228 2427 301 2482 quae
314 2417 379 2465 tuno
394 2411 502 2481 cognita
521 2418 610 2478 erant,
627 2412 735 2484 seriptis
754 2411 784 2463 in
802 2426 836 2464 eo
854 2413 944 2470 losum
961 2426 1159 2482 numerumque

89 2513 234 2582 assignarit

151 2617 268 2673 Primum
286 2619 315 2672 in
334 2618 387 2674 bue
403 2619 495 2674 indiae
510 2619 655 2686 uolumen,
674 2625 779 2676 remu
796 2621 867 2674 serie
890 2634 981 2674 rernm
1006 2628 1160 2692 gestarum,

88 2720 124 2773 ita
144 2706 345 2794 componebat,
363 2731 397 2777 ut
418 2724 477 2778 eius
501 2721 616 2777 fundum
637 2723 739 2779 iaceret
761 2724 865 2795 eclogas
883 2723 918 2777 de
939 2723 1123 2794 legationibus
1141 2741 1158 2777 a

88 2825 184 2880 Daride
204 2827 369 2881 iloescheliu
389 2825 491 2896 editas;¹
515 2829 622 2902 quippe
646 2844 736 2900 quae,
763 2845 820 2881 uno
848 2833 961 2898 excepto
989 2827 1158 2893 Menandro,

89 2929 120 2982 ad
137 2938 257 3003 tempora
282 2933 434 2986 Iustiniana
451 2933 616 3003 imperante,
633 2930 820 3003 Prooopioqne
837 2934 983 3003 scriptore,
1000 2933 1157 3004 antiquiora

89 3041 249 3100 spectarent:
275 3033 456 3088 Menandrum
479 3041 572 3088 antem
598 3035 633 3086 ab
657 3053 690 3090 eo
710 3043 822 3106 propter
843 3028 952 3088 eusdem
968 3037 1087 3104 rationes
1104 3035 1159 3088 boe

89 3135 142 3187 ioco
159 3145 295 3190 retentum
312 3152 372 3190 esse
388 3137 521 3203 arbitror,
546 3137 704 3212 quaemihi
722 3152 833 3210 quoque
850 3153 886 3190 ne
903 3137 966 3190 eum
985 3135 1051 3190 inde
1068 3138 1159 3191 dimo-

88 3253 170 3292 verem
188 3249 345 3296 suaserunt:
367 3242 473 3297 scilieet
493 3251 524 3298 nt
550 3243 634 3296 nimia
650 3243 798 3298 voluminis
817 3242 925 3295 exilitas
940 3243 1079 3296 vitaretur.
1103 3237 1159 3294 Cui

89 3343 172 3408 potius
190 3344 315 3416 augendo
339 3359 424 3418 quum
453 3361 543 3399 curam
563 3327 722 3411 adhiberet,
739 3345 840 3399 iactum
853 3360 911 3399 esse
926 3360 1041 3408 censeo,
1058 3349 1160 3396 utnon

91 3445 167 3502 sulum
184 3447 307 3520 eclogas,
328 3465 395 3520 quas
415 3447 528 3504 Photius
547 3465 581 3502 ex
601 3447 797 3521 Olympiodoro
818 3447 998 3518 candidoque
1016 3456 1045 3501 et
1061 3445 1158 3501 Theo-

90 3543 169 3612 phane
202 3553 379 3624 eunreripsit,
405 3552 596 3624 subiungeret3
620 3568 714 3609 rerum
737 3560 867 3623 excerpta
893 3567 1003 3624 qnoque
1023 3551 1160 3604 eomun-

90 3651 187 3707 tiniana
217 3653 252 3708 de
276 3655 462 3726 legationibus
489 3673 524 3710 ex
554 3655 779 3729 Theopbyiaeto‚
811 3657 878 3711 lieet
906 3653 1003 3712 eodem
1034 3659 1158 3725 tempore
1248 3657 1253 3663 '

89 3751 163 3812 lanius
179 3757 294 3813 historia
311 3761 417 3832 integra
433 3763 464 3814 in
488 3759 585 3816 eodem
606 3761 791 3834 typographeo
815 3759 898 3832 prelis
922 3757 1047 3814 subiecta
1071 3761 1162 3823 esset3

90 3861 141 3910 brrn
158 3861 357 3931 veroiiesyebii
374 3863 534 3934 opusculum
551 3863 586 3919 de
603 3861 899 3934 originibusbynantib
921 3857 1161 3933 deniqueeSuidn

89 3959 195 4017 ultreia
212 3980 286 4036 quae
304 3965 339 4018 ad
357 3969 510 4021 universam
527 3965 670 4021 historiam
689 3965 885 4034 bymntinam,
900 3961 1040 4036 publicam
1056 3961 1159 4032 pariter

91 4065 164 4134 utque
180 4067 404 4136 eedubrtieam,
421 4069 559 4142 pertinere
570 4069 737 4132 riderentur
772 4066 882 4140 Quibus
896 4067 1074 4142 compositis,
1092 4062 1158 4120 sub-
