2734 4634
368 105 565 223 arabes
579 153 782 221 nrsroarl.
956 108 959 114 ’
1028 154 1109 239 207
1165 106 1171 131 '

37 312 156 395 χρῆναι
188 308 272 392 ἡμᾶς
304 311 500 393 διαφεθῆναι
529 311 667 393 moysee
685 308 742 375 καί
758 306 807 393 μὴ
824 308 983 394 τηνόλλως
999 311 1250 395 satanacam

39 409 94 475 τόν
108 404 237 495 χρόνον.
275 405 332 471 καί
350 402 386 483 ός
413 406 475 496 ἔφη
494 408 615 475 Merv
634 408 690 475 κατ’
706 405 760 474 τόν
783 405 944 492 'Aradios'
971 396 1243 534 α’πυττδμ-Ῐτδὲἑέὼί

38 532 107 573 πειν
126 505 225 593 ἡμᾶς.
265 507 321 571 κατ’
338 505 451 593 μικρόν
471 506 625 575 διαλιποόν
646 503 714 590 ἅμα
737 515 801 583 τοῖς
819 502 947 589 λογάσιν
968 504 1116 589 δβουλεό-
1249 480 1260 523 ⁸

39 631 90 671 ττσ
110 604 187 691 περὶ
205 606 269 670 ταῖν
285 598 429 694 Ἀττηλρ
450 607 662 690 δεδογμένου,
682 609 739 671 κατ’
757 603 796 671 τό
815 609 944 687 βασιλεῖ
959 604 1119 689 duodetr-

25 703 158 787 5σόμενα
183 704 350 769 συνέταττε
377 700 569 789 γρόμματα,
599 700 808 791 ύπογραφέων
839 703 926 791 αότηῖ
953 703 1119 789 παρόντων

40 808 95 869 κατ’
120 801 343 883 Ῥουστικίου,
375 798 490 888 α’νδρός
512 800 697 888 ὁρμωμένου
716 807 776 886 μὲν
795 804 831 866 εἰι
848 805 903 885 τῆς
922 795 988 868 όνω
1007 800 1119 868 Μυσί-

40 928 96 985 ας,
116 899 246 977 όλόντος
266 902 301 966 δὲ
321 902 354 965 όν
373 902 416 990 τῷ
435 903 568 991 πολέμῳ,
589 905 645 967 καί
664 901 719 968 διό
736 901 836 988 λόγων
853 899 1023 990 οἷρετηντηῖ
1038 907 1145 986 βαρ-(ἓ

37 1002 131 1091 βόρηι
169 1000 224 1065 ε’πό
250 1004 289 1088 τῇ
318 1004 381 1067 τῶν
405 997 600 1087 γραμμάτων
624 1005 873 1084 διαπονουμένου
893 1000 1054 1081 συντόξει.
1075 1000 1120 1084 ὥς

39 1104 77 1165 δὲ
99 1104 136 1165 εἰι
157 1100 213 1183 τῆς
233 1096 368 1165 συνόδου
389 1101 556 1184 διανέστη,
577 1099 752 1187 ἐδεήθημεν
781 1103 884 1167 ου’τοό
909 1100 983 1187 περό
1000 1098 1121 1177 λύσεως

3 1204 97 1283 sorde
118 1194 239 1263 Σύλλου
263 1200 400 1283 γαμετῆς
420 1200 476 1263 καί
494 1202 558 1265 τεόν
578 1198 698 1285 ἐκείνης
720 1202 861 1281 παίδων,
889 1200 925 1266 ἐν
944 1202 984 1287 τῇ
1009 1200 1121 1264 ‘Pars-

38 1296 139 1383 αρίας
164 1293 482 1384 ἀνδραποδισθέντων
500 1294 628 1371 diuisas.
670 1303 726 1364 καί
743 1297 825 1383 πρός
845 1300 904 1383 μὲν
932 1296 990 1382 τὴν
1012 1290 1120 1361 αότῶν

38 1398 101 1461 σόει
128 1396 322 1481 α’πηγόρευσε
348 1394 454 1478 λύσιν,
489 1398 543 1462 ἕπτ’
564 1404 690 1473 πολλοῖς
709 1400 745 1463 δὲ
765 1401 851 1484 σφᾶς
879 1394 1022 1480 ἐβούλετο
1038 1395 1122 1481 χρή-

35 1521 139 1579 μασιν
160 1496 353 1589 όπεμπολᾷν.
393 1494 482 1579 ἦμοόν
506 1497 541 1561 δὲ
562 1498 659 1563 ἐλεεῖν
679 1496 795 1573 αότοός
814 1498 870 1580 τῆς
888 1492 985 1581 τύχης
1003 1494 1123 1575 icareos

35 1592 181 1675 σάντων,
215 1593 272 1677 τὴν
300 1598 455 1681 προτέραν
483 1588 687 1676 εόδαιμονίαυ
717 1594 934 1681 λογιζόμενον,
971 1595 1061 1678 διέβη
1088 1616 1124 1669 τε

1 1692 123 1781 ιὸαρός
149 1690 206 1759 τόν
233 1690 410 1777 ’Aradium
444 1698 500 1759 καί
531 1691 586 1780 τὴν
604 1696 664 1776 μὲν
684 1703 817 1778 γυναῖκα
837 1692 892 1760 ε’πό
909 1694 1123 1771 πεντακοσίοις
1185 1732 1188 1738 ,

35 1793 181 1878 διαφῆκε
200 1800 349 1876 χρυσοῖς,
367 1791 442 1869 τοός
463 1795 498 1857 δὲ
518 1794 635 1871 παῖδας
656 1796 758 1879 δοόρον
776 1790 894 1874 ἔπεμπε
913 1797 1047 1876 βασιλεῖ.
1081 1793 1146 1855 dal)

31 1890 138 1983 τούτῳ
156 1894 195 1959 ,δὲ
216 1888 271 1955 καί
287 1892 307 1975 ἡ
325 1892 440 1959 Ῥὲκαν
459 1890 479 1977 ἡ
502 1894 559 1956 τοῦ
577 1888 720 1976 Ἀπήλα
738 1889 856 1976 γαμετὴ
875 1888 964 1975 παρό
981 1890 1123 1969 Ἀδόμει

30 1995 100 2056 τῶν
133 1990 236 2075 odric
264 1992 454 2075 πραγμάτων
490 1988 548 2075 την
568 1988 737 2076 ἐπιτροπὴν
757 1979 860 2073 ἔχοντι
881 1992 1015 2055 δειπνεῖν
1038 1984 1124 2072 ἡμᾶς
1168 1986 1169 1989 '

32 2092 225 2176 παρεκάλει
265 2092 320 2155 καί
344 2095 421 2175 παρ’
452 2089 552 2155 αότόν
579 2086 723 2166 ἐλθόντες
749 2086 819 2172 ἅμα
844 2086 910 2155 τισό
927 2090 990 2154 τῶν
1009 2086 1044 2151 ἐκ
1062 2088 1123 2149 τού

0 2190 157 2264 ..ἔθνους
176 2187 315 2272 λογόδων
339 2190 572 2275 φιλοφροσύνης
592 2185 758 2272 ἐτύχομεν.
801 2190 956 2266 ἐδεξιοῦτο
981 2187 1018 2251 δὲ
1037 2181 1123 2269 ἡμᾶς

31 2289 212 2371 μειλιχίοις
232 2312 265 2352 τε
288 2282 390 2371 λόγοις
410 2288 466 2353 καί
483 2290 524 2375 τῇ
544 2291 608 2353 τῶν
638 2289 805 2370 ἐδωδίμων
831 2286 1029 2371 παρασκευῇ.
1068 2278 1125 2353 καὶ
1205 2366 1209 2372 1

31 2394 175 2463 ἕκαστος
196 2388 257 2451 τῶν
276 2384 440 2473 παρόντων
456 2390 599 2475 Σκυθικῇ
620 2388 784 2474 φιλοτιμίη
804 2382 917 2450 κόλικο
930 2378 1006 2466 ἡμῖν
1018 2374 1122 2465 πλήρη

113 2558 154 2611 ¹7·
173 2540 279 2595 Ῥένσν
299 2556 379 2610 supra
396 2556 455 2609 pag.
477 2538 737 2611 197.,1.9.rtpexu
752 2536 891 2592 nominata
907 2542 956 2589 ert

28 2694 134 2749 neque
149 2674 232 2729 nobis
252 2675 354 2730 diutius
371 2683 477 2746 tempus
492 2675 635 2731 terendum
653 2692 719 2729 esse.
755 2674 822 2741 Ille,
836 2673 949 2727 Attilam
964 2685 1074 2741 quoque
1095 2670 1126 2723 in

28 2768 65 2805 ea
81 2764 148 2801 esse
163 2749 312 2809 voluntate,
330 2754 358 2799 et
369 2762 418 2799 nos
429 2747 568 2801 dimittere
584 2745 775 2809 constituirse,
788 2744 937 2815 respondit.
954 2745 1049 2813 ltaque
1069 2759 1126 2795 non

27 2822 129 2875 multo
144 2826 209 2889 post
242 2818 546 2887 consiliumprocerurn
579 2816 613 2869 de
630 2816 776 2886 his,quae
795 2818 893 2869 dttilas
913 2820 1059 2875 statuerat,
1076 2812 1126 2865 ha-

28 2894 120 2953 buit,
149 2898 179 2941 et
197 2890 320 2953 litteras,
348 2904 417 2958 quae
440 2888 600 2956 imperatori
623 2886 816 2947 redderentur,
845 2886 964 2956 digessit
1005 2883 1127 2936 Aderant

27 2976 169 3034 quoque,
190 2976 304 3031 quorum
321 2974 399 3019 curae
416 2959 543 3027 epistolas
560 2957 678 3011 scribere
694 2956 884 3019 incumbebat,
901 2957 974 3007 inter
986 2970 1053 3023 quos
1067 2960 1126 3005 erat

27 3032 200 3091 Rustieius,
217 3031 259 3081 vir
280 3046 294 3080 e
309 3030 449 3097 superiore
463 3028 550 3096 Mysia
567 3037 659 3093 ortus,
679 3028 729 3099 qni
745 3026 779 3077 ab
794 3025 920 3079 hostibus
936 3032 1044 3094 captus,
1063 3040 1124 3075 cum

27 3100 154 3157 dicendi
177 3100 309 3152 facultate
327 3100 443 3161 valeret,
471 3096 586 3151 barbaro
604 3114 714 3166 operam
732 3098 761 3148 in
779 3094 981 3148 conscribendis
1000 3092 1124 3161 epistolis

25 3174 168 3227 navabat.
205 3171 323 3223 Dimisso
348 3170 478 3231 consilio,
497 3170 531 3221 ab
550 3170 685 3238 Onegerio
710 3167 837 3237 precibus
861 3164 1066 3225 contendimus,
1093 3169 1125 3212 ut

1 3284 2 3301 l
25 3246 134 3313 Syllae
153 3240 239 3292 uxori·
267 3248 295 3291 et
321 3241 379 3293 eiua
397 3240 506 3301 liberis,
531 3241 578 3310 qui
609 3239 639 3290 in
660 3238 863 3307 expugnatione
888 3237 963 3288 urbia
988 3233 1123 3288 Ratiariae

22 3335 87 3368 una
116 3328 184 3365 cum
210 3319 296 3363 matre
330 3310 360 3362 in
382 3313 540 3363 servitutem
563 3307 666 3360 redacti
695 3317 790 3371 erant,
814 3308 971 3361 libertatern
996 3303 1123 3355 restitue-

21 3396 79 3439 ret
123 3384 163 3435 Et
179 3396 244 3431 vero
263 3380 298 3431 ab
316 3380 359 3433 his
377 3380 526 3433 liberandis
543 3380 655 3431 minime
672 3378 850 3440 abhorrebat,
868 3378 917 3429 sed
933 3390 1026 3427 eorum
1038 3370 1123 3422 liber·

21 3465 123 3509 tatem
144 3469 240 3521 magna
257 3450 389 3521 pecuniae
408 3468 512 3502 summa
530 3449 642 3502 anobis
660 3457 777 3517 emptam
795 3446 912 3501 volebat
959 3446 1055 3511 ltaque
1072 3458 1122 3493 nos

20 3546 96 3579 eum
120 3520 265 3593 supplices
284 3538 360 3573 oraro
379 3530 407 3573 ct
426 3520 569 3584 obtestari,
584 3527 623 3581 ut,
640 3516 736 3572 habita
752 3537 845 3572 eorum
855 3516 986 3586 pristinae
998 3512 1124 3565 fortunae

21 3600 165 3657 ratione,
194 3595 347 3661 praesentis
374 3592 533 3644 calamitatis
560 3588 795 3644 commiseratione
813 3592 973 3641 moreretur.
1007 3583 1072 3646 lllc,
1094 3590 1126 3633 ut

20 3668 158 3723 Attilam
177 3660 264 3726 adiit,
292 3662 434 3715 mulierem
453 3679 501 3731 pro
520 3662 676 3732 quingentis
695 3661 783 3711 aureis
811 3658 925 3708 liberam
949 3652 1073 3717 dimisit,
1097 3658 1127 3704 et

21 3742 92 3791 cius
110 3734 193 3787 filior
212 3731 285 3785 dono
303 3732 339 3783 ad
356 3734 547 3800 Imperatorem
565 3730 646 3782 misit
682 3730 789 3782 interea
801 3724 1017 3788 liecan,dttilae
1041 3741 1125 3785 uxor,

23 3812 56 3862 in
76 3804 173 3860 aedes
189 3802 317 3866 Adamis,
351 3806 399 3873 qui
424 3804 483 3854 eius
501 3818 543 3852 res
560 3800 724 3853 domesticas
742 3796 870 3860 curabat,
894 3811 943 3848 nos
960 3796 995 3847 ad
1014 3808 1125 3845 coenam

21 3875 178 3930 invitavit.
215 3872 257 3925 Ab
276 3892 309 3925 eo
327 3890 382 3925 nna
401 3871 604 3941 cumpluribus
624 3870 749 3937 Scythiae
769 3866 938 3937 principibus
949 3866 1062 3917 comiter
1075 3878 1124 3913 ex·

22 3950 106 4019 cepti
136 3960 235 3997 scimus
268 3952 297 3997 et
323 3942 450 3995 iucundis
467 3942 635 3995 sermonibus
668 3949 698 3990 et
720 3938 861 4008 magnifico
880 3937 1021 4006 epularum
1038 3948 1129 4003 appa«,

21 4030 103 4075 ratu.
146 4014 172 4065 T
175 4030 223 4068 um
245 4013 434 4085 annaquisque
455 4023 558 4078 cotun,
576 4014 625 4085 qui
642 4011 772 4072 aderaut,
789 4022 920 4079 surgens,
936 4004 1059 4075 Scythica
1078 4020 1124 4056 co-
