2734 4634
515 161 750 230 amerino.
1120 170 1161 232 xt

156 322 207 376 tiis
234 321 355 394 percotis
379 319 535 392 typothetsc
551 337 619 392 opus
638 321 713 376 tradi
726 325 848 392 potrum,
866 320 922 374 nisi
933 335 1044 376 uorum
1061 323 1164 378 rosic-

86 430 132 480 nis
156 427 261 480 tatione
286 441 356 480 onus
383 423 559 478 incumberet.
595 423 678 496 Quod
701 443 786 498 quum
810 426 948 498 depoiiere
969 441 1027 480 non
1050 425 1162 492 liceret,

89 530 315 584 Csntseisrnnasn
321 564 333 591 ,
359 541 412 596 qus
429 527 552 596 peiorem
569 525 671 580 nulium
687 529 718 582 in
733 531 859 583 universo
875 529 929 583 hoc
943 530 1095 585 tieem
1117 549 1165 604 ge·

86 649 156 688 nere
178 632 300 686 inueniri
324 633 354 686 in
377 631 473 701 uolgus
496 636 590 686 nutum
615 638 673 696 est,
695 634 756 686 sine
779 633 870 704 operis
885 633 1018 689 dedecore
1036 635 1165 690 intectum

90 737 193 789 semri
213 751 270 788 non
286 748 367 804 posse
387 732 550 804 apparebat:
568 749 659 786 verum
679 738 728 807 qoi
743 738 893 809 se'ingrato
905 738 1057 809 corrigendi
1074 737 1166 794 labori
1186 779 1206 798 ,

89 837 189 901 daret,
207 835 388 892 inveniebam
411 839 564 904 neminem
588 839 644 892 nisi
663 839 810 905 Cissscno,
839 856 1003 913 quemquern
1028 842 1166 896 wnfinuis

92 942 320 1014 occupationibus
338 943 483 1014 implicito,
500 944 597 1014 pietus,
615 961 669 1016 quo
686 961 730 998 me
746 946 867 1014 pereatis
883 945 945 998 loco
962 945 1038 1009 coiit,
1054 961 1167 1018 persus·

91 1049 178 1100 sisset.
214 1048 247 1098 ln
263 1063 319 1118 quo
338 1048 449 1118 negotio
460 1021 598 1120 'quantum
614 1048 700 1102 tsedii
724 1046 937 1101 exhauriendum
961 1049 1064 1112 inerit,
1085 1065 1166 1102 nemo

89 1153 147 1204 nisi
175 1159 305 1222 eapertm
335 1151 426 1204 snimo
452 1153 606 1222 concipiet:
635 1153 706 1206 illud
736 1161 827 1206 sotem
854 1152 1072 1206 molestissimum
1092 1158 1166 1216 esst,

93 1253 171 1326 quod
186 1253 302 1309 subistis
319 1254 472 1308 innumeris
493 1254 567 1308 vitiis
586 1263 677 1308 temen
694 1253 725 1307 id
740 1256 827 1308 solnm
845 1255 939 1324 pertici
960 1263 1068 1326 poteret
1096 1262 1130 1308 ut
1151 1271 1168 1308 s

93 1357 261 1410 foedissimis
298 1357 426 1411 sordibus
458 1357 619 1412 libereretur
653 1359 765 1412 cretio:
791 1357 823 1410 id
849 1359 979 1423 minime,
1011 1366 1044 1411 ot
1072 1360 1167 1431 peiere

93 1460 187 1524 fleret,
216 1467 348 1531 grateque
364 1461 524 1530 tegentibus.
560 1459 634 1516 Idem
654 1460 798 1514 Cisssenus
814 1477 890 1514 meus
914 1461 1066 1532 complores
1088 1477 1168 1532 pree·

20 1612 23 1616 .
94 1563 168 1616 cisne
183 1561 349 1632 excogitatus
368 1563 568 1631 emendationes
592 1562 788 1632 suppeditarit;
814 1564 981 1635 singulorum
1006 1564 1169 1636 scriptorum
1255 1581 1258 1587 ’

95 1666 222 1739 reliqniis
239 1675 397 1738 srgnmentr
416 1667 545 1734 eddidit,
566 1666 806 1738 chronographiam
823 1670 956 1738 excerptis
973 1669 1009 1724 de
1023 1669 1169 1724 sententiis

96 1787 131 1824 en
145 1771 274 1841 Eonspio
290 1778 320 1824 et
335 1769 501 1828 Menandro:
517 1770 686 1842 iudicesque,
709 1772 740 1825 in
757 1788 825 1842 qnos
851 1772 1026 1827 utilissimum
1047 1771 1169 1826 laborem
1211 1835 1215 1851 .

98 1876 258 1945 insumpsit,
275 1875 409 1943 coniecit3
426 1884 457 1929 ut
474 1876 575 1928 leuiore
594 1875 648 1928 sliu
665 1875 807 1940 omittam,
829 1891 900 1946 quae
922 1875 954 1930 in
970 1876 1025 1929 hoe
1042 1875 1170 1931 volumen

97 1977 221 2032 eontulit.
258 1977 337 2050 Quae
353 1979 536 2034 consideranti
556 1977 700 2057 apparebit
716 1978 797 2050 longe
823 1981 1041 2051 operosissimum
1064 1979 1125 2036 eins
1138 1978 1171 2032 is
1249 1960 1253 1964 μ

97 2097 131 2135 eo
148 2081 271 2136 ornando
287 2082 372 2136 fuisse
389 2082 517 2136 laborem.
804 2054 812 2075 Ι

165 2186 299 2255 Superest
315 2193 346 2238 ut
363 2185 397 2238 de
411 2187 577 2257 penegyricis
595 2189 738 2243 Anastasio
751 2189 841 2256 dietis,
860 2207 928 2262 qnos
948 2187 1168 2262 postremo-loeo

97 2289 196 2354 adieci,
212 2305 284 2361 quse
294 2290 350 2344 huc
366 2291 508 2360 pertinent
520 2290 636 2346 domum.
664 2293 797 2347 Oratione
809 2293 934 2364 Prosopii
948 2291 1049 2344 Gssuet
1057 2287 1171 2358 reliquis

97 2394 280 2447 monumentis
305 2409 376 2464 quse
391 2393 437 2447 hic
454 2396 568 2449 collecte
585 2403 693 2452 essunt
710 2395 900 2466 adiungenda,
924 2393 1093 2448 eruditorum
1110 2406 1173 2463 grs-

99 2498 169 2550 tism
184 2512 228 2548 ure
252 2499 383 2552 meruisse
399 2507 472 2554 certe
489 2499 561 2563 seio,
601 2499 650 2569 qni
667 2513 727 2550 eam
743 2498 827 2552 semei
842 2504 948 2552 uotam
964 2497 1000 2550 io
1012 2496 1172 2552 Vilioiscnis

102 2599 295 2654 anecdotorum
317 2600 478 2656 collectione
504 2599 612 2656 editam.
625 2617 683 2658 esse
701 2608 818 2656 norunt:
843 2607 944 2674 quotus
960 2601 1036 2654 enim
1054 2601 1173 2672 quisque

99 2703 129 2755 in
147 2703 294 2758 Germanis
318 2704 395 2758 ilism
417 2702 557 2774 possidet?
591 2703 652 2758 Mea
676 2721 760 2776 opere
781 2705 811 2756 in
833 2704 910 2759 illius
933 2704 1098 2776 repetitione
1114 2719 1172 2757 non

99 2807 208 2876 longine
228 2808 359 2878 processit
375 2819 457 2880 qoem
475 2813 506 2858 ut
524 2807 642 2862 subinde
665 2808 767 2862 codicis
782 2808 930 2863 lectionem
949 2824 966 2861 s
988 2809 1048 2863 viro
1065 2808 1173 2879 egregio

99 2909 608 2967 Villoisoneimmutstaorreuucurern:
627 2913 752 2966 versione
768 2911 864 2976 htins,
880 2919 1093 2984 argumentoque
1111 2923 1172 2964 erm

100 3013 230 3066 instruxit
247 3031 316 3069 erne
332 3024 440 3088 rogatus
458 3016 552 3070 Frsnc
570 3015 710 3079 Ritteros,
728 3015 797 3068 Phil.
814 3015 848 3068 Ι).
866 3015 917 3087 qui
933 3014 1090 3085 nuperrime
1105 3029 1173 3085 ope·

100 3134 155 3170 rsm
173 3134 248 3172 suern
268 3117 304 3170 sd
324 3119 497 3190 explicandas
520 3121 558 3187 inv
574 3119 627 3173 hac
657 3121 811 3176 litterarum
823 3120 999 3175 universitate
1014 3117 1174 3188 dhetplinrs

101 3221 280 3293 philologieis
298 3223 419 3293 profiteri
441 3225 543 3278 statuit.
579 3209 698 3278 Editoris
726 3224 917 3277 annotationes
934 3236 1005 3293 qnae
1022 3220 1059 3272 sd
1082 3219 1171 3290 erpti-

101 3324 200 3379 esudss
217 3342 258 3380 res
277 3326 411 3382 bmstusii
435 3335 542 3383 tentum
559 3328 720 3393 coniuent,
757 3334 790 3381 ut
806 3328 851 3380 rel
869 3326 904 3378 sd
920 3325 1038 3380 latinum
1054 3325 1174 3394 Panegy-

103 3431 188 3484 ricum
210 3430 444 3502 interpretandum
467 3432 666 3504 quodammodo
690 3431 813 3486 sufficere
831 3431 953 3502 possint,
976 3427 1035 3484 iere
1056 3429 1176 3500 integret

105 3533 220 3604 repetii:
238 3552 294 3606 quo
310 3537 425 3590 consilio
442 3535 529 3590 bonos
554 3535 671 3589 habetur
689 3535 815 3588 menibus
832 3533 1013 3591 Villoisonis:
1038 3547 1130 3604 neque
1145 3532 1176 3585 ei

104 3635 215 3690 sumtu
231 3637 289 3692 niis
304 3639 436 3708 chambre,
447 3642 516 3695 ratio
525 3677 536 3706 ,
555 3640 681 3694 extinctis
700 3638 804 3694 dudum
830 3645 859 3689 ct
880 3636 1011 3708 scriptore
1027 3643 1057 3690 et
1070 3632 1177 3689 biblio·

103 3740 242 3810 polarnm,
259 3757 374 3812 querum
392 3745 542 3815 sumptibus
566 3743 798 3800 montanerio
821 3749 899 3806 sunt,
921 3740 1041 3812 negotio.
1076 3737 1178 3792 centn

103 3853 194 3900 nutem
210 3844 324 3900 minime
342 3849 426 3904 licere
443 3849 532 3905 ιίιιιιιι
549 3856 590 3904 est
606 3851 636 3903 in
656 3865 733 3903 meae
755 3846 886 3900 editionis
903 3849 1093 3900 ommentans
1111 3855 1177 3896 eon·

104 3957 224 4024 verme,
242 3967 313 4022 quse
330 3951 369 4004 iit
384 3953 474 4006 Maius
492 3954 527 4008 nd
544 3955 665 4024 eclogas,
681 3961 730 4006 ent
744 3949 907 4016 Endlieber,
935 3967 959 4004 u.
983 3949 1017 4002 ei.
1035 3946 1072 4002 sd
1089 3962 1178 4020 pene·

104 4053 376 4123 gyriusmi'riseiaui,
395 4073 494 4130 quern,
512 4057 561 4113 diu
578 4075 593 4110 a
610 4055 757 4130 philologis
783 4055 933 4128 expetitum
952 4051 1052 4125 quibus
1070 4068 1132 4106 eom
1149 4052 1179 4105 in
