2734 4634
180 99 248 161 xvl
592 97 648 160 DE
673 96 865 165 annau.

181 253 251 316 losls
271 251 464 335 primordiis,
479 271 575 334 usqne
592 250 632 312 ad
652 249 771 314 Claudii
786 251 912 314 Gothici
929 268 1046 318 annum
1067 254 1199 343 primum
1212 255 1285 320 de·

143 335 149 371 ³
180 352 285 432 ducti,
316 356 478 436 praecipua
507 353 586 413 circa
617 361 790 434 temporum
826 353 977 416 rationem
1008 377 1082 418 eura
1114 353 1280 420 adbibita.

180 453 300 514 Horum
322 453 518 514 duodecimus
535 452 613 514 liber
632 474 650 512 a
668 434 823 534 Stephano
846 452 1082 538 etbnieographo
1099 458 1277 538 citatur⁹);

178 551 233 614 nbi
264 553 450 614 Herulorum
472 554 585 614 mentio
613 553 777 614 certissime
806 553 983 636 comprobat
1015 555 1115 618 locum
1140 559 1279 641 dequo

178 655 279 736 egitur
295 675 358 715 non
374 652 504 724 multum
518 651 557 713 ab
571 656 669 735 operis
682 653 743 714 fine
757 652 890 714 afuisse:
906 665 1023 717 constat
1033 658 1125 738 igitur
1137 657 1279 740 scripto-

177 775 242 816 rem
257 755 305 816 his
318 753 478 816 duodecim
494 752 631 832 „chartis
645 773 736 814 omne
755 775 867 816 aevum
879 752 1083 836 explicuisse.”
1115 757 1162 818 Ex
1180 757 1277 820 bisce

177 853 337 914 annalibus
353 851 527 936 Syueellum
545 873 744 935 quaeeunque
766 853 936 936 eDexippo
959 853 1052 915 hebet
1071 857 1189 938 petiisse
1212 879 1274 916 ar-

175 951 291 1015 bitrere
314 965 346 1014 at
367 954 619 1016 Constantiniana
640 963 780 1036 excerpts
802 952 864 1014 illis
895 975 1020 1036 prorsus
1044 954 1143 1016 aliena
1170 967 1269 1026 suntz

176 1075 275 1136 neque
301 1055 380 1116 enim
414 1053 544 1137 prolixas
567 1055 719 1116 orationes
740 1074 849 1136 capere
877 1056 1024 1135 potuisset
1047 1053 1270 1136 breviloqueus

174 1153 328 1214 annalium
358 1157 461 1229 ratio,
488 1154 542 1236 qui
566 1153 628 1214 lere
662 1152 787 1236 singulis
818 1150 906 1214 libris
937 1152 1091 1216 saeculum
1123 1175 1269 1236 compre-

174 1253 367 1332 hendebant3
389 1253 471 1315 unde
490 1251 660 1314 Trebellius
681 1252 779 1318 Pollio
792 1253 1014 1376 ¹⁰)Dexippum
1032 1255 1135 1316 οηυιία
1161 1253 1269 1314 6κυί-

172 1365 218 1413 ter
231 1366 436 1440 persequentem
456 1375 536 1434 esse,
557 1353 685 1436 scripsit·

257 1455 314 1514 lll.
357 1455 420 1516 llas
442 1457 535 1537 igitur
555 1453 672 1537 eclogas
692 1454 731 1516 de
751 1453 951 1539 legationibus
971 1452 1011 1514 ad
1026 1447 1170 1516 Σκυθικοὶ
1188 1475 1266 1536 per-

171 1556 269 1614 tinere
297 1555 356 1616 iam
384 1556 509 1616 Vossius
535 1557 686 1638 perspexit
705 1557 765 1634 Η).
797 1555 964 1638 eademque
989 1574 1095 1616 earnm
1115 1557 1193 1615 ratio
1214 1565 1267 1616 est

171 1672 249 1736 quas
276 1675 312 1716 ex
336 1653 425 1716 titulo
446 1653 484 1714 de
507 1656 662 1716 sententiis
690 1655 785 1716 edidit
805 1653 852 1717 ill.
882 1655 994 1717 lllaius.
1035 1647 1198 1730 Σκυθικὰ,
1219 1654 1265 1715 de

170 1755 247 1814 bello
275 1753 411 1832 Scythico
430 1765 548 1816 vertere
578 1755 753 1836 dehebam3
780 1757 925 1838 quoniam
953 1753 1030 1816 illud
1056 1751 1263 1835 intelligitur,

170 1853 273 1936 qnod‘,
296 1863 435 1936 coeptum
456 1854 515 1916 sub
534 1856 648 1930 Decio,
670 1877 768 1938 usqne
780 1855 819 1915 ad
830 1853 987 1916 Aureliani
1002 1846 1108 1936 pacem
1122 1853 1262 1914 duravit.

170 1951 275 2036 Atque
294 1953 344 2014 hie
365 1954 489 2036 quidem
508 1954 615 2018 leviter
629 1957 710 2018 circs
729 1954 824 2018 verba
836 1953 936 2037 lepsus
949 1975 1037 2032 sum,
1051 1955 1083 2013 iu
1097 1973 1134 2013 eo
1148 1971 1262 2014 vereor

168 2073 209 2113 ne
228 2055 349 2135 gravius
369 2054 553 2132 erraverim,
577 2055 661 2137 quod
681 2076 760 2138 quae
773 2077 792 2115 a
802 2077 833 2138 p.
846 2077 895 2116 aa.
910 2053 933 2116 l.
949 2075 996 2114 ao.
1011 2051 1048 2114 ad
1064 2075 1097 2135 p.
1111 2051 1163 2114 26.
1183 2050 1205 2112 l.
1226 2051 1260 2132 d.

167 2151 339 2231 habentur,
360 2155 497 2236 Dexippo
519 2156 576 2238 ipsi
601 2155 791 2230 tribuerem,
815 2157 901 2238 quasi
921 2154 1089 2216 orationem
1116 2151 1157 2212 ad
1176 2151 1260 2214 cives

167 2274 238 2315 suos
260 2253 416 2332 habitam,
444 2257 497 2338 qui
517 2257 679 2316 temerario
709 2255 838 2317 consilio
862 2257 958 2316 muris
984 2251 1088 2335 egredi
1118 2261 1149 2312 et
1185 2271 1260 2312 cum

166 2353 304 2415 hostibus
323 2353 484 2438 eonlligere
502 2366 658 2439 cuperent.
700 2356 772 2421 Nou
786 2356 974 2418 attenderam
991 2351 1039 2414 ill.
1060 2353 1136 2412 Maii
1156 2353 1259 2435 opini-

166 2453 580 2536 onem12),epistolamesse:
605 2456 654 2517 cui
671 2466 707 2516 ut
719 2455 834 2539 aliquid
845 2455 883 2517 de
893 2476 962 2516 meo
976 2453 1129 2531 adiiciam,
1142 2450 1254 2526 dicam,

165 2553 375 2633 magistratu
391 2553 530 2613 Romano
547 2553 669 2616 missam
692 2555 813 2616 videri:
830 2558 892 2616 imo
912 2554 951 2614 ab
972 2556 1038 2634 ipso
1052 2552 1179 2612 fortasse
1190 2551 1257 2610 lm·

163 2663 324 2736 peratore:
347 2673 417 2714 eum
439 2673 473 2714 se
487 2675 558 2714 eum
579 2656 674 2737 copiis
696 2674 766 2715 mox
790 2653 957 2714 affuturum
970 2655 1117 2714 nunciare
1139 2653 1181 2734 (p.
1195 2647 1252 2712 25.

163 2752 382 2838 [17.seqq.):
410 2752 580 2836 lectamque
609 2775 673 2842 esse
708 2755 740 2816 in
764 2756 910 2818 concione
931 2755 971 2836 (p.
993 2754 1082 2818 aml.
1107 2751 1164 2833 18.)
1205 2751 1256 2816 De

163 2851 233 2928 his,
259 2853 284 2914 si
300 2854 378 2915 forte
391 2853 553 2936 aliquando
573 2853 686 2917 codicis
698 2857 808 2939 pagina
827 2853 898 2935 δαίμ
914 2855 1032 2940 plenius
1049 2877 1068 2916 e
1081 2853 1173 2914 litura
1185 2853 1253 2912 erni

161 2955 295 3036 potuerit
304 3000 314 3032 ,
335 2953 450 3037 liquido
468 2955 639 3018 constabits
665 2978 701 3017 ac
717 2968 793 3019 tunc
809 2955 935 3018 fortasse
947 2955 1124 3038 expedietur
1136 2952 1175 3014 de
1190 2971 1254 3033 quo

159 3057 284 3118 tandem
295 3036 589 3142 oppido'quibusque
601 3057 720 3122 civibus
729 3078 829 3120 sermo
842 3059 893 3120 sit.
911 3057 1001 3117 Nune
1016 3055 1047 3114 in
1059 3053 1093 3114 id
1104 3053 1253 3114 sententia

162 3156 289 3220 inclinat
316 3169 352 3220 ut
374 3157 450 3220 haec
475 3159 515 3222 ed
537 3161 670 3242 primum
690 3158 862 3220 Gothorum
881 3157 1049 3218 adventum
1071 3153 1130 3216 sub
1155 3154 1252 3214 Decio

160 3260 311 3338 pertinere
330 3259 471 3339 credam,
489 3261 576 3321 cuius
597 3279 709 3320 nomen
730 3260 764 3319 in
781 3257 953 3320 oblitterata
976 3255 1029 3316 illa
1053 3255 1163 3338 pagina
1177 3273 1252 3314 con·

160 3357 306 3439 spicitur3
336 3359 369 3420 id
387 3360 471 3442 qnod
488 3381 525 3422 eo
545 3359 860 3422 confirmarievidetur
878 3356 961 3440 quod
974 3355 1013 3416 de
1028 3355 1120 3416 rebus
1138 3352 1177 3413 ad
1191 3353 1250 3414 Ni-

159 3456 293 3539 copolim
310 3460 442 3520 Moesiae
463 3462 553 3543 gestis
575 3460 690 3521 mentio
720 3459 853 3520 inlicitur
871 3461 913 3540 (p.
927 3457 977 3520 25.
1004 3453 1029 3516 l.
1046 3476 1097 3520 22.
1115 3452 1152 3518 ci
1170 3452 1250 3535 Syn-

159 3557 270 3620 oellum
284 3579 314 3640 p.
323 3559 389 3644 705.
403 3560 424 3626 l.
444 3561 512 3641 rm).
556 3555 648 3639 Quod
664 3561 691 3620 si
709 3562 752 3621 ita
768 3561 829 3636 sit,
851 3554 1122 3640 Philippopolitnni
1136 3553 1250 3614 suerint
1344 3570 1345 3575 ¹

158 3657 303 3740 oppidani
333 3681 352 3718 n
379 3659 517 3722 barbaris
545 3659 743 3726 circumsessi.
795 3660 866 3721 Noa
887 3668 991 3720 tamen
1028 3651 1178 3716 silendum
1202 3661 1249 3712 est
1343 3658 1344 3681 ¹

158 3761 249 3820 etium
272 3759 329 3821 sub
350 3759 478 3822 Claudio
500 3759 581 3845 Aug.
602 3761 641 3821 ad
664 3759 837 3843 Nicopolim
849 3779 992 3844 prospere
1007 3756 1153 3818 adversus
1175 3751 1249 3812 bar·

179 3959 208 4030 9)
228 3977 246 4008 s.
267 3976 291 4018 v.
307 3959 448 4028 'Elovpon
507 3961 735 4018 inlinendum
792 3954 834 4025 ri)
853 3962 894 4014 De
915 3959 1009 4015 histor,
1027 3957 1122 4011 Graec:
1142 3969 1169 4023 p.
1187 3952 1245 4021 aia.

228 4032 269 4102 ia)
288 4031 371 4087 Praei.
391 4035 425 4084 ad
445 4033 506 4086 coll.
529 4035 615 4088 varie.
636 4033 668 4084 ll.
687 4049 713 4101 p.
723 4029 840 4084 XXVlll.
