2734 4634
268 152 352 239 Kar
701 173 901 244 rstsclltu

147 341 155 356 '
266 337 489 421 Imperiumque
503 351 592 397 mum
609 332 734 399 vivendi
746 355 859 418 ponere
875 333 1019 396 uncum

265 435 393 498 insidias
412 455 503 498 nemo
521 434 601 498 diras
620 435 788 516 metuitque
806 454 959 496 venenum

264 535 426 618 Linguae,
447 555 509 619 quo
532 531 623 596 multi
642 533 817 597 cecidenrnt
834 535 960 596 crimine
979 531 1062 595 licto.

263 633 390 698 Perdita
408 657 457 698 res
475 633 579 720 populi
600 633 697 696 luerat
716 634 775 695 sub
793 643 929 715 ternpore
947 632 1040 710 dim3

263 733 405 797 Restituit
423 745 523 796 tamen
543 731 622 795 hanc
641 732 757 795 domini
775 733 935 816 prudentia
954 734 1049 806 mua,

263 833 424 896 Perfioiens
443 834 585 912 firmum,
605 832 688 915 quod
707 833 787 915 cepit
805 831 905 893 debile
918 875 928 911 ,
939 849 1088 914 regnum·

347 932 446 994 Multa
465 931 556 994 simul
575 933 661 994 vario
680 941 865 992 concurrunt
881 930 987 991 ordine
1004 947 1136 1001 rerum,
1302 923 1347 1002 ¹l⁰

263 1032 465 1116 Diversosque
485 1031 612 1094 trahunt
630 1043 759 1115 angnuo
780 1042 902 1115 pectore
922 1050 1036 1092 sensus.

262 1130 309 1194 Ac
328 1129 422 1196 veluti
442 1131 568 1216 Delphis
588 1131 728 1194 Phoebas
747 1152 817 1192 cnm
836 1129 961 1191 numine
981 1129 1070 1214 plena

263 1231 377 1293 Omnia
395 1251 474 1314 quae
494 1231 633 1308 runaut,
651 1251 732 1316 quae
748 1240 841 1310 sunt,
862 1230 1032 1311 pariterque
1050 1227 1158 1288 futura

262 1330 414 1415 Conspicit
435 1342 467 1393 et
485 1333 608 1413 cupiens
627 1329 807 1414 prohibetur
827 1329 957 1414 prodere
975 1325 1060 1390 luci:

263 1429 313 1492 Sic
331 1452 387 1514 ego
409 1433 581 1514 concipiens
600 1440 676 1510 tua,
695 1429 858 1511 Princeps,
879 1428 1009 1512 plurima
1026 1426 1125 1500 laem,
1301 1422 1346 1502 rii

264 1530 352 1608 Quae
373 1529 430 1592 tibi
449 1529 600 1593 debentur
614 1526 743 1592 diversis
763 1527 900 1612 partibus
919 1526 1020 1601 orbis,

263 1627 335 1690 Non
354 1650 477 1712 possum
496 1627 599 1692 verbis
619 1630 724 1696 animo
743 1627 879 1712 proferre
896 1637 1014 1710 parate.

263 1726 415 1806 Quocirca
434 1725 559 1790 laudum
581 1726 683 1810 relego
702 1728 819 1810 fastigia
834 1748 965 1790 summa.

344 1827 434 1892 Nunc
453 1827 611 1889 hominum
631 1827 734 1910 generi
755 1823 916 1890 laetissima
934 1823 1052 1888 saecula
1072 1835 1229 1899 currunt,

263 1929 350 2007 Quos
370 1927 475 2011 inopes
493 1925 609 1990 dudum
629 1925 781 1988 faciebant
801 1928 881 1988 iussa
900 1926 1053 2011 nefanda,
1300 1925 1344 1985 150

262 2029 350 2106 Quae
369 2036 492 2110 propter
509 2023 598 2090 multi
617 2025 703 2090 redes
723 2025 826 2110 fugere
846 2036 1032 2110 parentum,

263 2125 351 2204 Quae
372 2136 458 2208 pater
476 2135 508 2186 et
524 2123 670 2188 dominus
689 2135 789 2187 terrae
808 2124 920 2188 delerit
942 2127 974 2188 in
995 2145 1123 2205 aevum,

260 2224 391 2308 Argenti
411 2224 548 2288 relevans
566 2235 660 2309 atque
676 2225 745 2290 aun
765 2223 900 2308 pondere
918 2224 1089 2305 mundum

263 2323 477 2408 Perpetuoque
496 2345 606 2407 parans
625 2323 682 2386 sibi
702 2326 832 2386 maxima
850 2327 984 2407 praemia
1003 2325 1077 2388 caeli
1107 2392 1121 2405 Ὗ

262 2421 393 2488 Divitias
412 2426 539 2500 temnit,
558 2443 622 2507 quo
641 2421 764 2506 prodest
782 2423 925 2486 omnibus
944 2445 1036 2486 unus.

262 2521 400 2606 Namque
420 2521 523 2584 cibum
543 2533 683 2605 poterant
703 2525 757 2607 qui
775 2527 826 2586 aix
848 2524 1009 2606 adquirere
1028 2527 1128 2602 vitae,

263 2621 378 2684 Oblato
398 2622 499 2683 miseri
519 2621 694 2685 thensauris
712 2644 837 2684 munere
857 2621 995 2704 flebant,

189 2785 196 2796 ,
258 2721 391 2786 Munere
409 2741 480 2782 cum
500 2721 612 2804 genitu
631 2721 711 2782 tristi
730 2721 929 2806 lacrymisque
944 2734 1058 2786 coacto.

263 2821 384 2904 Quippe
406 2819 500 2882 dabat
520 2841 626 2881 causas
646 2819 786 2884 violentis
806 2821 890 2884 lucra
909 2823 1036 2906 parandi

262 2920 304 2984 Et
325 2919 425 2996 mala,
447 2939 526 3004 quae
545 2919 648 3003 plures
667 2921 787 3003 pridem
806 2921 928 3002 dixere,
949 2932 1087 2986 canentes

262 3020 400 3082 Romano
420 3031 535 3082 vestras
553 3018 605 3083 vel
626 3021 721 3082 Graio
740 3023 873 3083 carmine
893 3020 1008 3089 laudes.

261 3119 304 3183 Et
322 3139 384 3203 quo
407 3129 526 3204 sceptra
547 3119 614 3180 loco
634 3119 759 3181 dederat
777 3121 834 3182 tibi
856 3133 955 3182 rector
975 3120 1127 3205 Olympi,

263 3221 335 3299 Quo
354 3229 445 3302 caput
464 3219 528 3302 ipse
549 3229 636 3278 tuum
654 3219 754 3302 primo
773 3217 943 3281 diademate
961 3221 1072 3298 cinxit,

264 3320 323 3382 llic
343 3318 401 3382 sibi
423 3317 528 3380 donari
554 3318 703 3379 librorum
723 3317 801 3379 vidit
817 3341 964 3399 acervos,

168 3435 169 3440 ’
263 3419 411 3482 Censibua
425 3417 564 3493 infestos,
586 3429 743 3479 servantes
763 3419 874 3501 scripta
894 3418 1053 3497 dolorum,

261 3519 394 3582 Munera
412 3518 576 3600 suscipiens
594 3515 724 3580 flammis
741 3528 863 3581 aeterna
884 3519 993 3581 beatis.

263 3618 315 3681 Ad
335 3640 410 3702 quas
426 3617 549 3680 accessit
567 3615 703 3700 placidus
722 3620 817 3701 magis
836 3619 979 3681 omnibus
999 3621 1079 3697 aris,

263 3717 389 3800 Aspexit
401 3729 517 3781 vestros
533 3717 624 3780 radiis
641 3715 687 3780 sol
706 3739 815 3780 aurem
836 3721 940 3802 ignes5

263 3818 305 3882 Et
319 3816 461 3901 placuere
479 3818 559 3880 diem
581 3817 727 3882 violantia
746 3817 863 3880 lumina
878 3818 985 3894 iimro,

265 3917 352 3996 Quae
371 3937 449 3998 pure
469 3917 585 4000 fulgora
602 3917 741 3978 accendis
759 3927 860 3979 mente
877 3938 1012 3985 amenum

266 4017 333 4111 lpse
354 4013 541 4084 locosvobis
563 4015 695 4081 ostendit
715 4017 782 4082 iure
802 4027 949 4108 trapam
