2734 4634
198 133 283 200 XXX
601 133 656 200 ns
679 130 862 201 MALOEO.

282 287 504 372 MALCllUS,
531 289 817 374 Plliladelphiensis,
840 312 876 353 ex
896 288 948 354 illa
962 287 1274 376 Philadelplu’a·quse

197 396 230 456 in
251 394 418 456 Palaestina
438 402 502 471 est,
522 399 557 452 ut
571 401 651 452 recte
671 411 690 452 e
707 394 831 453 nomine
849 393 907 456 viri
918 391 1052 475 Syriaco,
1068 413 1163 474 quum
1184 391 1276 475 plura

196 497 238 555 ita
259 503 440 556 vocarentur
460 490 590 574 oppida,
609 490 704 552 infert
720 490 898 569 Fabricius,
918 491 1081 573 sophistam
1100 492 1277 556 Constanti-

195 593 297 676 nopoli
329 596 388 676 egit
401 591 454 672 ⁴⁶).
496 591 571 652 Eius
593 590 772 669 historiam,
805 612 867 674 qua
893 590 1032 654 Priscum
1044 594 1273 666 continuavit,

193 693 234 754 ab
254 715 283 754 a.
305 691 402 776 issi,
430 691 675 773 decimoseptimo
703 691 813 752 Leonis
832 691 932 772 Imp-3
966 709 1063 773 usque
1083 690 1122 752 ad
1140 702 1274 754 mortem

188 791 393 874 Nepotem),
415 792 517 876 qnia.
537 789 610 870 480.
632 791 749 854 occisus
765 800 830 863 eet,
848 801 962 871 septem
981 810 1131 855 annorum
1151 811 1200 852 res
1218 802 1273 853 to·

191 891 286 952 tidem
308 891 406 969 libris,
427 911 504 974 quos
522 883 727 966 Βυζοπιακά
749 891 923 970 inscripsit,
948 900 1134 972 persecutam
1142 890 1273 952 Photius

191 989 281 1073 legit:
314 1003 404 1075 etque
424 993 502 1052 intra
523 989 584 1052 hoc
603 991 748 1072 temporis
768 992 898 1071 spatium
914 989 1033 1072 eclogae
1052 990 1090 1051 de
1110 987 1270 1072 legationi·

190 1088 259 1165 bus,
281 1112 414 1176 quasque
436 1113 471 1153 ex
488 1089 555 1152 eliis
571 1089 666 1152 titulis
675 1089 786 1152 Suidas
797 1090 942 1166 servavit,
956 1088 1268 1170 comprehenduntur:

189 1199 226 1252 ut
244 1198 359 1254 certum
380 1194 419 1252 sit
438 1190 582 1252 litteratas
596 1189 787 1252 Constantini
799 1187 1053 1271 Porphyrugeniti
1066 1207 1172 1270 opens
1188 1189 1267 1250 uhu

188 1290 317 1374 amplius
341 1291 492 1354 habuisse.
517 1291 640 1352 -blonet
659 1300 761 1350 tamen
779 1288 926 1362 Photius‚
958 1287 1006 1350 his
1024 1287 1112 1350 libris
1130 1309 1207 1370 opus
1225 1289 1267 1350 ad

187 1391 351 1452 terminum
371 1411 462 1474 quem
483 1399 588 1452 auctor
607 1390 664 1452 sibi
685 1391 889 1472 proposuisset
907 1387 1087 1470 perductum
1106 1409 1169 1448 non
1186 1409 1265 1451 esses

185 1489 284 1572 ipsum
304 1491 429 1552 innuere
445 1489 531 1573 plura
551 1511 584 1552 se
603 1489 778 1550 additurum
796 1491 823 1551 si
841 1489 905 1550 vita
924 1498 1078 1570 suppetet:
1091 1509 1185 1570 quum
1206 1489 1266 1571 igt-

184 1595 237 1649 tur
256 1589 363 1650 Suidas
381 1589 493 1651 Malchi
518 1589 674 1651 historiam
703 1609 800 1672 usqne
828 1588 867 1650 ad
889 1587 1083 1657 Anastasium
1102 1588 1265 1650 deductam

184 1705 248 1749 esse
268 1689 400 1767 scribat,
428 1709 489 1750 non
522 1688 748 1766 monadicam,
778 1689 896 1770 siquis
914 1687 972 1748 sihi
991 1689 1170 1770 persuaserit
1190 1685 1266 1748 ulti-

183 1807 234 1848 mo
256 1797 342 1869 parte
361 1798 531 1850 truncatam
555 1788 594 1850 ad
611 1787 758 1851 Photium
771 1788 1058 1869 Constantinumque
1077 1789 1264 1870 pervenisse;

182 1887 329 1970 integram
358 1889 385 1950 ei
413 1871 578 1950 innotuisse
617 1890 669 1971 qui
712 1887 805 1971 paulo
841 1899 910 1970 post
941 1888 1143 1949 lastinianum
1180 1889 1262 1971 Imp.

180 1984 296 2047 lexicon
332 1987 370 2050 de
398 1988 594 2072 scriptoribus
627 1989 796 2070 composuit
823 1987 906 2070 quod
933 1986 1042 2050 Suidas
1072 1987 1261 2069 compilavit.

179 2083 286 2146 Edidit
304 2097 384 2148 certe
404 2088 542 2152 Malchus
561 2100 681 2150 mortuo
701 2088 825 2148 demum
845 2088 984 2167 Zenone,
1003 2088 1089 2148 cuins
1108 2088 1263 2171 ignaviam

152 2177 348 2270 rpiobraque
367 2195 526 2250 mansurae
546 2189 685 2254 infantiae
698 2188 840 2256 tradidit:
876 2208 913 2250 ac
939 2198 1025 2250 tanta
1043 2187 1167 2272 quidese
1187 2209 1263 2248 cum

176 2282 318 2352 libmtate
341 2298 377 2348 ut
399 2290 490 2349 etiam
515 2288 573 2350 sub
598 2289 665 2349 miti
690 2287 843 2352 Anestesii
868 2288 994 2370 imperio
1023 2287 1207 2348 mirandum*
1221 2291 1263 2350 sit

174 2385 337 2448 maiestatis
356 2401 486 2468 menam
503 2389 630 2450 evasisse
649 2389 704 2471 qui
722 2387 796 2450 talia
817 2397 924 2449 contm
942 2387 1127 2450 decessorem
1138 2389 1261 2448 Princi-

173 2484 233 2567 pis,
253 2487 429 2568 praesertim
443 2487 497 2569 qui
515 2487 669 2569 Augustae
688 2490 816 2550 maritus
836 2487 955 2562 inerat,
977 2487 1112 2548 auderet.
1138 2487 1260 2550 Verum

173 2605 237 2658 uon
265 2587 389 2647 unicum
417 2585 475 2647 boc
500 2597 545 2647 est
561 2586 621 2648 sub
650 2586 881 2668 imperatoribus
906 2587 1082 2668 Byzantinis
1102 2587 1260 2653 mirandae

174 2685 207 2742 ln
227 2685 387 2747 scribendo
407 2684 554 2747 libertatis
575 2685 761 2768 exemplum,
790 2687 916 2748 somsse
943 2705 961 2745 a
980 2697 1155 2769 contemptu
1174 2686 1259 2748 litte-

171 2800 276 2842 rarum
294 2797 413 2847 ortum:
436 2807 507 2854 nam
528 2787 688 2860 Tiberius,
711 2786 801 2847 valde
819 2789 853 2846 in
874 2787 911 2846 iis
932 2796 1078 2860 versutias,
1100 2807 1257 2868 quaecun-

171 2901 232 2962 que
267 2883 434 2946 edebantur
462 2886 548 2947 anxie
578 2884 789 2965 scrutabatur,
819 2885 1040 2969 crudeliterque
1066 2887 1253 2948 vindicabat.

168 2980 265 3062 Magis
286 2985 377 3047 stiam
409 2985 557 3046 miramur
575 2985 750 3067 Eunspium
782 3006 843 3045 non
874 2996 973 3047 morte
996 3005 1109 3068 poenas
1136 2986 1256 3048 dedisse

167 3099 224 3162 pro
244 3081 291 3142 his
319 3103 398 3166 qnae
417 3087 554 3167 quemvis
574 3084 779 3146 Christianum
792 3106 855 3146 non
874 3087 975 3146 minus
994 3107 1086 3168 qnam
1097 3084 1255 3168 Principes

168 3181 328 3248 laederent.
370 3186 526 3247 Malchum
554 3207 616 3247 non
646 3186 872 3247 maledicentiae
891 3187 944 3248 sed
963 3187 1084 3248 veritati
1103 3186 1255 3248 duduisse

166 3285 329 3344 cernimus·
351 3285 511 3347 Difficffior
532 3286 571 3347 ad
591 3286 809 3369 expediendum
828 3284 901 3348 inde
912 3287 1011 3353 oritur
1022 3286 1252 3369 quaestioquod

165 3379 304 3443 Melchus
317 3383 474 3448 ldstoriam
496 3407 515 3448 a
531 3387 728 3448 Constantino
747 3389 793 3448 M.
806 3386 962 3449 inchoasse
981 3385 1102 3447 aSuida
1112 3386 1249 3449 dicitnr:

165 3483 198 3542 in
219 3481 302 3564 qrrod
321 3494 384 3544 tam
404 3484 552 3548 disertum
571 3488 776 3549 testimonium
797 3489 927 3569 suspicio
957 3490 1068 3549 erroris
1092 3509 1128 3550 eo
1148 3489 1250 3550 minus

164 3579 245 3640 eadit
265 3581 347 3663 quod
367 3582 497 3645 Photius
524 3605 541 3646 e
572 3588 663 3668 primi
690 3586 760 3648 libri
781 3589 867 3649 initio
890 3598 1027 3650 constare
1046 3587 1152 3666 docet,
1172 3586 1250 3648 elios

135 3667 139 3684 ’
163 3679 298 3742 eiusdem
318 3683 447 3744 auctoris
475 3695 566 3768 atque
588 3692 756 3770 argrrmenti
784 3689 988 3771 praecessisse.
1031 3688 1125 3749 Casus
1144 3698 1248 3750 entem

163 3778 280 3841 efficere
311 3799 373 3842 non
410 3786 509 3864 potuit
532 3796 571 3850 ,sut
597 3809 666 3870 pars
695 3799 844 3869 superstes
876 3789 977 3869 operis
1005 3788 1093 3849 initio
1123 3805 1160 3848 ac
1184 3787 1249 3848 fine

161 3881 293 3941 truncati
317 3881 461 3966 inciperet
488 3886 541 3947 ubi
563 3887 683 3950 Priscus
705 3889 900 3950 substiterat:
937 3890 1038 3975 itaque
1058 3908 1178 3953 necesse
1198 3901 1246 3952 est

177 4054 223 4128 46)
243 4050 340 4110 suidas
360 4073 384 4109 s.
399 4070 422 4110 s.
441 4053 571 4126 Μάλχος.
642 4057 817 4130 47),ΡΙιοῑὶω
833 4060 893 4116 cod
914 4065 957 4133 78.
1070 4097 1076 4113 .
