2734 4634
199 200 320 267 XXXVI
427 200 481 262 DE
508 195 726 262 EXCERP'I'IS
753 194 1036 262 LEGA‘I'IONUII.

200 365 292 440 atque
310 355 341 414 in
355 351 491 431 elencho,
513 353 566 435 qui
584 351 611 414 ei
632 332 800 426 subiicitur,
822 349 861 410 de
880 349 993 441 Sericis
1013 370 1178 434 equorum
1198 351 1295 416 libris

200 455 318 536 eclogas
347 453 384 514 de
410 452 608 536 legationibus
630 449 826 512 Hoeschelius
847 451 961 524 edidit,
983 453 1097 512 omittit
1115 453 1295 537 Dexippum

201 565 231 614 et
258 555 440 636 Eunapium.
493 551 611 614 Scilicet
631 573 665 612 cr
696 551 743 610 his
764 549 842 610 nihil
862 552 894 610 ia
913 561 1032 610 tomum
1053 549 1227 635 eclogarum
1246 553 1294 615 de

200 651 399 736 legationibus
414 653 619 712 Romanorum
642 650 680 710 ad
703 661 804 732 gentes
826 643 944 710 illatum
965 660 1040 711 erat.

283 752 339 812 His
360 753 498 832 expositis
519 772 581 811 non
602 771 676 833 opus
705 751 763 809 erit
781 747 921 832 pluribus
939 748 1040 810 verbis
1061 749 1208 832 probare,
1231 773 1291 834 ge-

201 857 317 915 minum
337 851 426 912 fuisse
440 851 609 934 eclogarum
627 850 664 910 de
686 848 884 933 legationibus
897 848 1030 928 titulum,
1051 871 1182 932 quorum
1195 849 1292 928 alter,

201 953 334 1015 XXVII.
359 974 376 1012 e
403 973 596 1012 numerorum
617 949 743 1026 ordine,
776 953 906 1030 integer.
920 969 990 1010 cum
1019 949 1204 1031 praelatione
1232 971 1292 1010 ex-

202 1064 281 1131 stat,
303 1052 427 1112 alterius
439 1053 583 1134 praelatio
606 1051 708 1126 abest,
730 1071 791 1131 qua
822 1051 930 1109 amissa
951 1051 1015 1109 eius
1035 1068 1178 1109 numerus
1199 1049 1293 1131 igno-

202 1165 312 1231 ratur,
347 1173 437 1236 quem
456 1163 557 1214 tamen
579 1161 631 1210 aut
650 1150 765 1209 XXVI.
787 1160 841 1210 aut
858 1149 1006 1208 XXVIII.
1029 1147 1120 1210 fuisse
1141 1151 1221 1210 ratio
1241 1148 1292 1210 rei

203 1255 299 1335 cogit:
323 1252 464 1334 denique,
487 1273 563 1334 qnae
582 1271 616 1310 ex
636 1260 766 1332 utroque
783 1260 945 1332 supersunt
960 1251 992 1308 in
1006 1247 1170 1310 Schottano
1183 1249 1293 1312 codice

202 1354 363 1413 coniuncta
378 1353 532 1412 exstitisse.
564 1352 628 1410 lam
642 1369 716 1410 vero
737 1351 916 1431 perspicitur
934 1369 995 1430 qua
1014 1352 1131 1410 ratione
1150 1351 1292 1411 evenerit

202 1462 238 1511 ut
252 1455 342 1512 etiam
356 1454 387 1512 in
398 1448 574 1533 Polybianis
588 1450 736 1532 plurimae
751 1448 869 1530 eclogae
881 1470 915 1508 ex
937 1469 1041 1508 earum
1061 1469 1188 1509 numero
1209 1472 1292 1532 quas

202 1549 334 1610 Ursinus
354 1549 448 1609 edidit
468 1571 486 1608 a
502 1549 645 1610 bovarico
669 1549 769 1609 absint
784 1549 839 1626 ⁵⁷):
862 1549 961 1630 agitur
981 1551 1062 1608 enim
1082 1549 1124 1609 ibi
1146 1549 1184 1610 de
1205 1548 1293 1632 lega-

180 1641 183 1648 ¹
203 1651 336 1710 tionibus
356 1671 431 1730 quas
453 1649 581 1708 Romani
609 1651 769 1709 miserant:
794 1647 950 1730 idemque,
980 1648 1006 1708 si
1030 1651 1098 1730 quis
1119 1647 1157 1708 de
1176 1649 1292 1709 Dionis

204 1748 397 1830 Appianique
410 1749 519 1830 eclogis
533 1757 668 1831 quaeret,
681 1749 814 1808 inveniat
826 1769 944 1807 necesse
959 1758 1011 1809 est.
1037 1749 1142 1831 ltaque
1155 1771 1172 1808 a
1183 1770 1293 1830 repre-

204 1847 348 1909 hensione
369 1847 515 1908 liberatur
536 1869 669 1908 summus
682 1846 900 1924 Casaubonus,
920 1849 985 1929 qui,
1006 1871 1100 1931 quum
1122 1849 1154 1908 in
1174 1847 1292 1909 biblio-

201 1947 291 2028 theca
310 1947 431 2008 Tbuani
451 1949 582 2029 primum
614 1947 722 2007 harum
744 1945 913 2028 eclogarum
935 1958 1053 2008 tomum
1073 1960 1188 2009 exstare
1212 1950 1292 2009 scri-

203 2045 313 2124 beret,
342 2069 403 2130 quo
423 2059 523 2106 tamen
545 2069 647 2108 earum
669 2067 746 2129 quae
768 2067 784 2106 e
809 2046 937 2130 Polybio
955 2050 1066 2128 petitae
1088 2049 1148 2108 sint
1165 2050 1294 2109 nonnisi

203 2167 273 2229 pars
294 2151 498 2208 contineretur
505 2147 557 2225 ⁵⁸),
570 2147 692 2206 minime
707 2144 838 2206 errabat.
883 2145 930 2206 Ac
942 2147 1006 2207 lieri
1026 2157 1125 2229 potest
1144 2157 1179 2207 ut
1190 2169 1293 2228 quum

205 2245 256 2306 alii
287 2245 492 2308 Theodosium
521 2239 575 2308 τὸν
602 2239 736 2324 μικρὸν,
762 2246 894 2306 Ursinus
920 2257 1022 2306 autem
1042 2247 1187 2307 loannem
1206 2247 1295 2308 Con-

204 2343 529 2427 stantinopolitanum,
553 2345 630 2406 hanc
652 2343 858 2406 collectionem
880 2349 1073 2407 concinnasse
1095 2344 1293 2424 tradiderint,

204 2443 285 2506 illius
307 2445 403 2506 labori
425 2445 587 2528 legationes
608 2446 645 2506 ad
667 2445 839 2522 Romanos,
861 2444 952 2507 huius
971 2446 1076 2506 titulus
1096 2446 1234 2506 xxvu,
1257 2447 1294 2507 in

205 2545 359 2605 codicibus
387 2545 520 2605 tributus
544 2547 593 2606 sit.
635 2547 752 2605 Vereor
787 2557 888 2606 tamen
917 2546 1012 2607 aede
1042 2545 1214 2606 Theodosio
1235 2545 1294 2607 illo

205 2663 291 2702 error
311 2645 350 2702 sit
367 2689 376 2720 ,
398 2665 492 2724 quum
510 2637 678 2716 Θεοδόσιος
700 2638 841 2724 ὅμικρὸς
868 2646 990 2706 Graecis
1001 2645 1173 2728 ByzantInis
1185 2643 1292 2706 Theo-

204 2742 323 2802 dosium
346 2743 496 2803 Minorem
517 2743 732 2825 Imperatorem
753 2743 908 2824 significet.

287 2843 334 2903 Ut
355 2843 452 2903 omnis
474 2843 505 2903 ia
526 2854 679 2924 posterum
699 2843 821 2903 errandi
840 2843 1103 2923 occasiotollatur,
1126 2855 1294 2928 utramque

203 2940 432 3021 collectionem,
454 2942 659 3024 persingulas
683 2953 820 3002 auctores
841 2943 988 3021 divisam,
1008 2965 1063 3005 suo
1088 2945 1232 3027 inscripto
1247 2946 1293 3006 ti-

202 3040 294 3117 tulo,
318 3041 455 3102 distinxi:
480 3041 561 3102 velut
582 3063 612 3124 p.
634 3063 701 3101 121.
726 3053 755 3101 et
781 3042 863 3120 133,
889 3043 958 3125 139.
981 3053 1011 3103 et
1038 3042 1106 3104 166.

288 3142 394 3224 Itaque
413 3161 475 3201 non
496 3153 579 3217 tres,
604 3141 655 3202 sed
685 3152 817 3223 quatuor
840 3163 858 3201 e
883 3141 1072 3203 collectaneis
1098 3141 1292 3205 Constantini

202 3240 458 3324 Porphyrogeniti
474 3239 618 3301 babemus
631 3240 753 3315 titulos,
768 3250 925 3322 postquam
946 3238 991 3300 ill.
1002 3241 1122 3316 Maius,
1142 3243 1173 3301 in
1188 3238 1294 3301 lucem

202 3339 320 3422 prolata
346 3342 474 3401 maxima
500 3339 580 3400 tituli
602 3340 640 3400 de
662 3340 815 3400 sententiis
841 3351 944 3421 parte,
978 3341 1200 3404 immortalibus
1225 3344 1293 3404 suis

203 3437 242 3498 de
263 3459 296 3499 re
317 3437 463 3500 litteraria
483 3439 605 3522 publica
626 3440 741 3500 meritis
761 3438 918 3499 cumulum
937 3439 1058 3502 adiecit.

218 3571 392 3713 inphyffiil
402 3587 546 3626 recensum
560 3572 681 3644 praebet
692 3570 841 3670 §ebueigb.
857 3569 925 3625 ibid.
939 3590 967 3644 p.
982 3572 1089 3628 xxvn.
1160 3572 1206 3645 58)
1216 3571 1292 3629 ibid.

592 3831 901 3850 ..u—unt*
