2734 4634
312 173 578 240 iturarum
606 170 810 236 nrsronu.
1026 141 1109 229 333

23 327 150 418 στήμην
170 329 205 395 δν
225 333 295 404 ταῖς
314 331 374 394 τοῦ
403 330 550 410 ποταμοῦ
570 329 681 392 ναυσίν
712 322 935 412 ῦφειδόμενος,
961 320 1190 412 βουλόμε-δ-(Ῑ-
1204 325 1257 398 ⁵79

23 431 81 506 νός
101 452 137 494 τε
158 426 219 514 πρό
240 430 298 493 τοῦ
317 425 375 513 τήν
387 426 506 512 βουλήν
525 429 558 504 ἐς
577 423 614 491 τό
638 415 777 512 φανερόν
796 425 938 490 ἐκπεσεῖν
958 421 994 488 τό
1012 397 1240 523 ἐγχειῑῖἦῒῶ

21 553 113 614 ρημα
132 525 353 594 τελεώσασθαι
362 577 373 608 ,
391 533 487 591 πλοῖα
508 526 698 611 συναγείρας
716 519 798 587 κατὰ
818 519 876 606 τήν
896 513 961 587 οἴνω
977 529 1141 589 Harrei-B

21 629 97 692 νίαν
130 627 177 700 εἷς
202 623 259 690 τόν
283 616 407 711 Ἴστρον
436 620 536 689 πολλοὶ
562 626 683 708 βαρέα,
711 619 767 686 καί
785 614 824 685 οῦ
843 618 923 686 κατὰ
943 620 1036 704 λόγον
1055 626 1112 710 τής

2 726 221 810 ὄναυπηγικής
239 727 370 809 τέχνης,
392 717 476 806 ὅμως
496 724 532 786 ἑκ
550 725 613 788 τών
645 721 778 788 ἐνόντων
797 718 923 807 μακρός
950 722 1111 808 συμπηξώ-

22 848 121 909 μενος
138 821 366 910 στρατιώτιδας
386 827 481 903 ναῦς,
502 820 559 887 καί
576 818 711 899 πολλοῦς
731 823 766 886 όν
788 821 902 896 ου’ταῖς
924 821 1112 904 ἐπιβιβάσας

23 921 161 999 ὁπλίτας
180 923 288 1007 ἐρέτας
307 944 351 1002 τε,
373 920 412 986 οῦ
432 917 511 986 κατὰ
533 921 652 1003 κόσμον
674 917 757 985 α’λλῦ
781 923 984 1004 βαρβαρικῶς
1003 941 1037 985 τε
1056 921 1113 986 καί

22 1018 203 1102 οἷνωμώλως
223 1029 294 1096 ταῖς
314 1015 435 1095 κώπαις
454 1016 624 1097 τύπτοντας
643 1016 680 1083 τό
704 1013 807 1104 ῦδωρ,
828 1017 957 1103 κινήσας
976 1015 1110 1104 α’θρόον,

24 1129 102 1195 ταῖς
121 1144 156 1184 τε
175 1116 342 1204 ε’πακτρίσι
359 1115 415 1184 τόν
436 1115 594 1200 ποταμόν,
622 1119 678 1181 καί
697 1114 796 1194 αίτός
823 1114 904 1199 μετὰ
920 1111 1037 1202 ’πάσης
1054 1122 1112 1203 τῆς

6 1221 176 1304 σἈβοὶρων
194 1220 342 1303 στρατιᾶς
361 1218 439 1310 πεζῇ
461 1216 515 1280 διό
536 1219 593 1300 τῆς
619 1218 795 1302 Σιρμιανῆς
819 1213 1029 1302 πορευόμενος
1055 1214 1112 1302 νή-

24 1341 109 1399 σου,
133 1315 337 1402 παραγιθεται
358 1312 436 1381 κακοὶ
456 1312 511 1380 τόν
530 1313 615 1381 Σόον
635 1314 790 1396 ποταμόν.
831 1316 1112 1400 διαταραχθέντων
1171 1373 1174 1380 .

23 1420 64 1483 δὲ
85 1421 148 1481 τών
167 1419 202 1482 ἐν
220 1424 292 1492 ταῖς
318 1414 428 1480 πόλεσι
453 1416 584 1488 ταύταις
605 1413 791 1497 Ῥωμαίων,
805 1411 861 1478 καί
882 1411 917 1478 τό
937 1415 1110 1499 ἐγχείρημα

24 1512 278 1602 συντοησόνταν,
299 1519 359 1579 τοῦ
377 1539 411 1580 τε
428 1516 463 1582 ἐν
482 1509 648 1598 Σιγγηδόνι
667 1514 851 1598 στρατηγοῦ,
872 1509 979 1598 Σήθου
1000 1503 1154 1594 reiro-cg

23 1642 94 1698 μα,
116 1618 296 1692 στειλαντος
315 1611 395 1699 πρός
420 1613 475 1679 τόν
495 1610 661 1696 Χαγώνον,
681 1609 738 1678 κοί
756 1613 971 1697 ἐπερωτῶντος
991 1607 1049 1694 ό,τι
1070 1608 1109 1699 δή

7 1713 84 1781 5καί
101 1710 312 1796 βουλόμενος,
340 1706 465 1798 εἰρήνης
492 1714 625 1795 βεβαίας
652 1733 687 1776 τε
711 1708 768 1775 καί
786 1711 895 1798 φιλίοις
916 1707 1111 1796 συνεστώσης

24 1807 120 1901 αῦτιβ
139 1835 173 1877 τε
200 1810 256 1876 καί
279 1811 476 1895 Ῥωμαίοις,
509 1807 601 1897 πρός,
616 1807 670 1876 τόν
698 1813 779 1876 Σόον
800 1809 930 1898 ἄφίκετο
950 1805 1109 1893 ἱκοταμόνς

24 1908 97 1992 ἅμα
125 1913 161 1975 δὲ
188 1913 337 1995 λέγοντος,
365 1907 409 1986 ώς
432 1905 471 1976 οῦ
495 1909 681 1996 περιόψεται
699 1912 861 1998 γεφυροῦν
881 1911 1111 1997 ἐπιχειροῦντος

25 2004 133 2074 αὐτοῦ
153 2008 207 2074 τὸν
227 2008 390 2091 ποταμόν,
415 2010 474 2073 οῦκ
494 2011 711 2094 ἐπιτρέποντος
732 2004 813 2086 όλως
840 2011 899 2076 τοῦ
920 2005 1114 2098 αότοκρότοὲ

25 2133 107 2193 ρος·
135 2109 178 2172 ου’
194 2107 275 2173 κατὰ
292 2109 458 2191 Ῥωμαίων
477 2131 510 2172 τι
529 2109 754 2192 μηχανώμενος
775 2107 837 2196 ἔφη
856 2106 1030 2188 βούλεσθαι
1050 2136 1111 2196 πη-

6 2207 142 2292 ογνόναι
155 2204 211 2290 τήν
225 2206 392 2294 γέφυραν,
407 2203 509 2281 ἄλλως
528 2209 564 2271 δὲ
582 2204 663 2272 κατὰ
682 2210 870 2292 Σκλαβηνών
893 2219 1028 2293 χωρεῖν,
1057 2211 1114 2276 καί

26 2303 314 2392 διαπεραιοόμενος
329 2304 475 2373 τόνΣόον
488 2306 658 2388 ἐπιβαίνων
676 2330 711 2370 τε
729 2309 762 2382 ἐς
777 2305 836 2390 τήν
850 2312 867 2344 *
879 2306 1001 2392 Ῥώμην
1014 2299 1112 2386 αὖθις

25 2398 215 2492 τόνἼστρον
229 2405 441 2489 διαβήσεσθαι
451 2408 521 2471 κατ’
534 2405 649 2487 αότών,
665 2409 781 2472 πλοίων
795 2403 882 2493 αῦτηῖ
891 2408 1012 2492 πολλῶν
1020 2407 1107 2490 παρὰ

99 2543 126 2580 n.
144 2523 202 2595 πρδ
221 2526 274 2578 τοῦ
290 2525 333 2587 N,
351 2521 426 2598 πρός
441 2524 532 2595 vulg„
549 2525 621 2594 πρίν
647 2524 709 2576 Val.
780 2525 805 2578 5.
825 2523 956 2595 σομπηξδ
980 2538 1044 2584 ενος
1060 2527 1110 2592 Η.,

101 2594 248 2717 δμπηξήρε.
273 2596 343 2664 vulg.
460 2599 499 2649 13.
516 2593 678 2664 Σιγγηδόνι
710 2593 742 2646 Η.
761 2610 831 2662 mg„
857 2596 946 2664 Σιγγι
965 2594 1109 2668 όνινυίς.

102 2668 145 2734 14.
159 2664 191 2732 δη
230 2703 244 2716 ..
264 2665 310 2717 δεῖ
324 2665 396 2734 vulg.
458 2683 499 2718 τι.
518 2663 781 2737 διαπερανούμενος
797 2665 869 2734 vulg.

26 2753 84 2806 diia
108 2758 202 2815 erant,
227 2754 344 2805 maxime
362 2749 437 2823 quod
455 2751 571 2805 multum
589 2770 667 2805 urum
692 2759 721 2804 et
738 2753 877 2803 scientiam
894 2752 1002 2805 narium
1019 2753 1110 2807 flumi-

26 2827 73 2878 nia
97 2821 251 2889 habebant,
275 2823 420 2874 consilium
443 2839 536 2886 auum,
564 2830 711 2896 antequam
736 2823 766 2872 in
791 2823 885 2890 vulgus
910 2825 1109 2892 innotesceret,

27 2901 225 2956 exaecnturur,
249 2893 336 2944 muita
352 2893 471 2945 rectoria
488 2894 632 2963 graviaque
649 2893 758 2960 navigia
776 2893 805 2944 in
827 2893 896 2944 istro
919 2911 968 2962 per
986 2895 1111 2964 superio·

27 2981 87 3017 reru
106 2964 273 3016 Pannoniam
292 2964 394 3032 coegit,
412 2978 447 3014 ex
461 2963 576 3032 quibua,
594 2977 781 3033 quaecumque
796 2962 917 3014 nancisci
930 2966 1035 3032 potuit,
1053 2982 1111 3020 non

29 3034 145 3105 quidem
167 3033 203 3085 ad
224 3035 291 3086 artia
315 3035 426 3085 nuvium
444 3032 672 3088 aedificandarum
690 3035 844 3094 rationem,
868 3041 959 3086 tamen
977 3049 1059 3092 naver
1077 3052 1110 3088 en

29 3103 240 3174 magnitudine,
268 3111 300 3154 ut
316 3102 350 3155 ad
368 3102 473 3153 bellurn
487 3113 567 3172 aptae
585 3110 690 3165 errent,
707 3102 855 3164 exstruxit,
879 3110 905 3154 et
925 3121 968 3156 ear
986 3105 1111 3160 homini-

29 3175 210 3227 burarmntia
235 3182 264 3225 et
280 3172 427 3246 remigibus
445 3175 591 3237 inatruxit,
617 3173 666 3244 qui
685 3173 830 3225 barbarum
847 3172 879 3225 in
895 3191 996 3228 morem
1010 3179 1110 3232 incon-

31 3245 99 3297 ‹litia
115 3246 218 3296 ictibus
236 3261 334 3316 aquam
355 3243 542 3296 verberabant.
577 3245 617 3296 lta
638 3244 720 3296 rimul
738 3245 823 3296 clarae
844 3261 940 3314 magno
961 3255 1036 3299 motu
1055 3247 1110 3298 tiu-

30 3317 109 3368 mine
127 3313 255 3379 devecta,
274 3331 335 3366 cum
353 3313 607 3366 omniburtvarum
627 3313 800 3384 pedestribue
819 3315 902 3383 copiis
926 3332 976 3385 per
997 3317 1109 3369 Sirmie-

31 3403 97 3436 nnm
121 3386 238 3437 insulam
272 3400 378 3437 currum
403 3386 505 3446 tenuit,
531 3393 561 3437 et
584 3383 620 3435 ad
646 3385 726 3436 Saum
749 3384 861 3436 flurium
884 3389 1016 3454 pervenit
1051 3386 1110 3439 Ηοσ

31 3464 180 3524 conspecto
199 3462 346 3524 apparatu,
364 3454 493 3523 Romani,
511 3455 560 3523 qui
579 3455 609 3504 iu
628 3454 745 3521 urbibna
762 3455 792 3505 in
811 3472 843 3507 ea
856 3463 931 3524 parte
950 3458 1009 3509 ritir
1027 3455 1110 3507 habi-

31 3526 150 3588 tabaut,
166 3524 341 3578 vehementer
358 3533 422 3575 aunt
438 3525 597 3593 perturbati.
630 3525 696 3576 Erat
713 3523 811 3578 Sethua
831 3524 984 3594 Singedone
1002 3526 1111 3595 praeie-

32 3605 104 3651 ctur.
138 3594 165 3644 Ia
182 3596 216 3647 ad
236 3596 393 3666 Chaganum
413 3595 515 3676 misit,
529 3597 578 3667 qui
595 3611 630 3646 ex
646 3595 706 3664 ipro
724 3603 884 3718 ροτειοτεῐ,
910 3597 1039 3664 συσσίτια
1057 3612 1112 3667 pax

32 3677 62 3718 et
90 3665 213 3717 amicitia
236 3666 279 3717 iili
312 3683 373 3717 curn
403 3667 530 3717 itomanra
556 3672 641 3727 erret,
673 3667 721 3735 qui
771 3665 826 3718 eibi
851 3665 952 3727 vellet,
980 3667 1056 3735 quod
1076 3667 1113 3722 ad

31 3737 118 3789 Saum
134 3737 269 3798 venirent,
297 3751 377 3807 quem
402 3736 425 3786 ai
446 3743 531 3805 ponte
550 3735 661 3805 iungere
682 3737 836 3789 inconsultu
858 3737 1023 3804 Imperatore
1049 3745 1114 3790 ten·

31 3813 122 3866 taret,
140 3823 196 3858 non
218 3822 346 3875 parsurus
374 3813 453 3858 erret.
488 3806 557 3867 ilie,
576 3824 633 3859 non
660 3809 693 3858 nt
714 3807 863 3878 quiequam
887 3805 951 3856 maii
984 3807 1122 3862 Romania,

33 3875 257 3941 machinaretur,
284 3885 396 3946 pontem
425 3893 454 3928 ιο
483 3884 589 3928 struere
620 3876 676 3940 ait,
710 3875 759 3929 aed
790 3883 822 3926 ut
849 3883 942 3926 contra
973 3873 1113 3930 Setaviuoa

34 3945 242 4016 expeditionem
269 3946 424 4016 surriperet
470 3945 506 3999 Se
531 3949 689 4000 transmisso
710 3945 780 4007 Sao,
812 3949 841 3994 et
858 3943 959 3999 finibua
977 3947 1113 4001 Romano·

32 4035 96 4072 rum
120 4019 269 4089 percurris,
297 4033 390 4073 rurrur
413 4017 514 4074 lrtrunr
536 4017 729 4081 traiecturum,
757 4014 850 4068 multia
873 4013 908 4068 ad
924 4017 1113 4074 traiectionen
