2734 4634
374 160 585 238 nuatum
617 161 824 226 utsronri.
1064 135 1146 252 257

53 309 137 394 τοχό
160 309 374 386 διεκπεσόντες
392 310 555 400 όπέφογον
576 315 621 391 εἰς
638 313 674 379 τό
699 319 816 398 πεδίον,
840 315 896 380 κατ’
914 315 972 402 τήν
990 319 1145 404 γέφυραν,
1157 323 1186 377 Α.
1198 320 1289 394 clyp

55 413 130 473 καθ’
154 407 196 493 ἢν
222 409 434 494 όπερὲβησαν,
455 412 576 491 sisto,
605 413 788 498 ἀνελόντες,
819 401 842 498 ἣ
871 414 1014 501 φάραγγι
1033 393 1287 520 βαθειζιιῇιὲοῖὢ

55 510 239 590 ἕπέζευκτο,
259 513 359 594 μέσης
374 502 471 595 οόσιγς
486 514 542 595 τῆς
554 509 643 594 rideri,
663 511 723 598 τὴν
736 515 844 592 δίωξιν
854 517 983 592 ἐκείνοις
1003 513 1058 581 inl
1077 515 1152 594 τοός

53 605 257 688 καταβάντας
285 609 435 692 ἐποίησαν
462 602 598 696 όπορον,
627 611 685 675 καί
710 615 818 692 μέντοι
844 610 901 677 καί
927 621 993 690 τοῖς
1026 611 1153 680 ἑαυτῶν

35 701 221 772 ὅόδόνατον
240 703 296 790 τὴν
318 705 431 793 φυγιὶν,
446 705 530 774 aiore
548 707 630 791 πρός
651 701 810 776 ἀπόνοιαν
826 711 927 796 όλίγοι
948 704 1032 789 ὄντες
1052 711 1152 796 όμόσε

51 813 122 884 τοῖς
142 801 290 872 ἱππεόσιν
310 804 464 892 ἐχώρουν.
505 807 551 884 τός
571 811 607 874 δὲ
628 808 709 896 ὑπὲρ
729 818 870 896 κεφαλῆς
900 809 930 876 οἱ
952 810 1044 891 πεζοί
1069 812 1153 899 s'pu'-

51 929 158 990 νησαν
176 903 257 969 κατὰ
278 903 314 969 τό
336 910 559 989 συγκείμενον,
591 904 675 974 οότω
706 906 927 1009 όιετρόποντρ,
958 909 1015 974 καί
1040 909 1151 993 οἱμὲν

49 1005 102 1081 εἰς
124 1000 199 1081 τοός
219 1004 334 1086 ἱππεῖς,
354 1004 383 1070 οἱ
404 1007 440 1071 δὲ
461 1007 507 1084 είς
527 1007 603 1084 νοός
617 1006 749 1084 όπλίτας
767 1008 969 1090 ἐμπίπτοντες
989 1007 1153 1095 ἔθνησκον.

52 1107 115 1168 κατ’
134 1101 192 1179 τοὶς
212 1101 337 1185 όμόξας
358 1105 466 1171 ου’τοῖν
487 1105 596 1188 λαβών
615 1105 822 1189 Σοβινιανός,
852 1099 952 1184 οόσας
979 1109 1023 1185 τός
1043 1111 1181 1193 dioga-G

10 1205 152 1283 ιολίας,
171 1202 393 1285 αἰχμαλώτους
412 1228 446 1269 τε
469 1201 643 1290 πλείουςῆ
670 1209 943 1290 πεντακισχιλίους
971 1211 1028 1273 καί
1061 1207 1151 1274 λείαν
1241 1209 1248 1218 “

54 1295 121 1364 oris
143 1295 264 1386 όλίγην,
293 1299 381 1379 τινός
402 1305 438 1368 di
457 1306 521 1370 τόν
541 1303 673 1387 όμαξιόν
694 1303 750 1370 καί
768 1301 970 1384 κατακαόσας
989 1309 1025 1372 ἐν
1044 1312 1088 1396 τῷ
1115 1300 1151 1371 ii*

51 1423 127 1486 ρει,
142 1396 182 1475 dc
201 1391 242 1483 ἦν
261 1398 352 1487 ἔργον
371 1397 502 1468 ἓλκόσαι
524 1385 578 1469 διό
596 1405 745 1488 κρημνόν
763 1401 933 1487 τοσοότων,
949 1407 982 1482 ἐς
999 1405 1058 1491 τήν
1077 1412 1152 1472 Au·
1188 1455 1194 1466 ,

43 1497 174 1584 χνηόόν
195 1501 384 1587 ἀφικνεῖται.
426 1501 483 1566 καί
509 1501 651 1588 εόρίσκει
681 1503 891 1585 Ἀόαμόντιον
915 1505 952 1568 ix
980 1507 1037 1590 τῆς
1070 1502 1151 1590 πρός

47 1600 257 1685 Θευόέριχον
277 1602 449 1677 συνουσίας
469 1599 696 1686 ἐπανελθόντα·
730 1602 769 1667 osi
792 1601 853 1686 γόρ
875 1627 925 1666 πω
955 1603 1151 1689 Θευόέριχος

4 1700 219 1768 ἰὄέπέποστο
239 1699 333 1764 oridia
351 1702 413 1767 sois
433 1697 701 1782 όπόΣαβινιανοῦ
720 1703 756 1767 ἒν
775 1703 819 1790 τῷ
838 1690 907 1786 όρεο
933 1706 1152 1788 πραχθέντων.

47 1796 137 1873 νοός
166 1799 227 1880 μὲν
260 1789 316 1863 οὖν
344 1799 567 1883 αἰχμαλώτους
594 1795 672 1876 τοός
699 1791 736 1864 τό
765 1797 933 1886 γεγονότας
960 1803 994 1866 όν
1020 1803 1151 1889 φυλακῇ

43 1906 218 1977 ποιεῖται,
244 1896 319 1972 τὀός
341 1900 377 1962 δὲ
397 1893 513 1974 ἄλλους
530 1895 611 1980 μετό
632 1897 794 1983 τῆς-λείας
816 1902 946 1964 διέδωκε
966 1908 1031 1976 τοῖς
1052 1925 1152 1985 στρα·

41 1992 199 2072 σιοόταις.
241 1993 365 2078 όμόξας
390 1999 500 2078 μέντοι
524 1996 643 2074 πολλός
672 1996 824 2074 κελεόσας
848 1999 918 2075 ταΐς
938 1997 1047 2063 πόλεσι
1066 1996 1149 2085 πρός

40 2095 116 2170 τὰς
149 2098 210 2160 τοῦ
236 2099 453 2182 στρατοπέδου
481 2095 718 2162 κατασκευάσαι
736 2101 866 2183 χρείας,
899 2095 943 2173 ὥς
964 2095 1180 2183 ε’λήφθιγσανλ)

4 2188 180 2277 ιοαῦται,
210 2195 324 2259 α’πεῖπε
350 2205 421 2271 ταῖς
450 2192 562 2260 πόλεσι
579 2196 680 2281 μηδὲν
700 2197 920 2279 ἐνοχλεῖσθαι,
943 2193 987 2271 ὥς
1006 2195 1066 2272 τός
1086 2198 1229 2281 sip-tit
1288 2239 1305 2276 s,

40 2295 180 2369 νεούσας
197 2292 289 2378 ἔχων.
309 2293 390 2378 μετὰ
411 2297 447 2361 δὲ
466 2298 565 2361 ταῦτα
580 2293 703 2380 ’γράφει
720 2298 782 2377 μὲν
800 2292 1006 2376 Ἀόαμόντιος
1025 2297 1070 2382 τῷ
1089 2299 1151 2376 βα-

39 2400 160 2477 σιλεῖ,
183 2392 227 2470 ὥς
246 2393 420 2479 όπέσχετο,
449 2392 489 2460 τό
511 2391 590 2480 πρός
612 2396 807 2480 Θεοόὲριχον
828 2395 916 2482 αὐτῷ
936 2394 1151 2477 όιειλεγμένα·

29 2563 35 2570 ’
125 2574 153 2610 2.
173 2552 347 2612 decisiones
364 2551 476 2608 contii.
547 2555 572 2608 3.
591 2552 741 2614 ἐπέζευκτο
761 2551 804 2615 N,
822 2550 978 2615 irritavisse
998 2553 1070 2623 rutg-
1109 2569 1148 2607 su·

126 2639 161 2680 τε
170 2624 236 2677 add
252 2623 286 2677 N.
359 2625 400 2693 rt.
416 2638 475 2677 που
493 2623 568 2693 vulg.
639 2624 678 2683 15.
694 2621 792 2677 addest
809 2623 881 2694 vulg.

36 2777 141 2834 runt,
164 2768 293 2822 celeriter
310 2768 340 2820 in
358 2768 502 2836 planitiem
520 2765 607 2838 elapsi
626 2774 654 2819 et
671 2774 801 2837 pontem,
820 2767 865 2818 eui
883 2766 995 2819 suberat
1011 2765 1085 2820 fossa
1104 2769 1151 2820 in·

35 2846 137 2918 genti
149 2838 354 2911 profunditate,
373 2839 533 2908 transgressi
549 2845 623 2902 sunt,
641 2853 697 2910 quo
715 2837 850 2893 dissoluto
865 2839 1084 2907 persecutionem
1102 2856 1152 2892 eo·

35 2933 138 2975 mm,
168 2913 220 2981 qui
244 2911 276 2963 in
296 2910 411 2961 alteram
435 2911 522 2976 ripam
548 2917 742 2978 pervenerant,
769 2906 896 2960 hostibus
922 2909 1151 2977 intercluserunt3

33 2983 180 3055 reliquis
206 2989 299 3034 autern
316 2997 427 3033 suorum
444 2996 460 3030 a
480 2978 566 3049 ponte
590 2979 706 3031 exclusis
731 2979 823 3046 lugam
840 2979 1001 3047 impeditam
1019 2979 1152 3033 reddide-

33 3065 135 3112 runt.
173 3052 213 3104 At
229 3052 274 3105 illi
285 3069 351 3122 prae
365 3050 572 3120 desperatione,
594 3066 655 3101 eum
668 3049 750 3118 pauci
762 3057 867 3112 essent,
884 3049 914 3102 in
925 3051 1059 3102 Romanos
1071 3049 1152 3122 equi-

32 3139 91 3184 tes
125 3127 288 3185 irruerunt,
313 3120 362 3174 sed
388 3121 438 3172 ubi
461 3119 642 3174 Romanorum
664 3119 773 3189 pedites
794 3137 827 3173 er
851 3122 1000 3189 composito
1018 3135 1154 3191 prorupe-

28 3206 141 3258 runt,
166 3195 210 3244 ita
228 3192 320 3246 hostes
338 3200 413 3260 terga
431 3198 589 3253 verterunt,
616 3198 648 3241 ut
669 3192 770 3260 partim
794 3191 824 3242 in
848 3191 973 3262 equites,
1002 3189 1103 3260 partim
1122 3193 1155 3241 in

27 3269 173 3343 pedites
192 3262 348 3316 inciderent
366 3272 396 3315 et
415 3259 622 3314 trucidarentur.
659 3259 826 3312 Sabinianus
854 3277 982 3313 curruum
1007 3261 1078 3324 duo,
1106 3275 1154 3318 ea·

24 3343 206 3416 privorum
223 3335 295 3404 plus,
313 3350 397 3404 quam
419 3333 543 3405 quinque
568 3330 666 3392 millia,
683 3331 773 3402 cepit,
792 3339 820 3382 et
836 3347 892 3382 uon
910 3347 1007 3402 parum
1024 3329 1153 3398 praedae.

27 3405 202 3466 curribus
220 3413 313 3457 tamen
330 3405 455 3473 aliquot,
474 3420 542 3473 quos
561 3401 671 3456 difficile
687 3401 785 3454 suisset
801 3419 851 3470 pcr
869 3408 911 3454 tot
927 3407 1073 3471 praerupta
1092 3399 1153 3451 loca

26 3494 162 3540 acere,
191 3476 224 3526 in
247 3481 340 3528 moute
362 3473 491 3536 incensis,
509 3469 679 3540 Lychnidum
713 3474 872 3526 revertitur:
900 3471 945 3524 bic
961 3469 1153 3524 Adamantiurrr

24 3525 184 3623 fgperit,
213 3546 296 3615 quia
314 3545 453 3614 colloquio
477 3559 538 3595 cum
556 3540 749 3594 Theudericho
767 3539 895 3596 redierat.
931 3538 1060 3593 Nondum
1078 3542 1153 3593 eninr

23 3615 296 3682 Theuderiehus,
324 3616 443 3686 quaein
460 3622 586 3666 monica
605 3611 754 3666 Sabiniano
774 3619 956 3682 gestaerant,
982 3620 1151 3679 cognoverat

25 3693 248 3766 captivorum
266 3693 358 3738 autem
376 3684 528 3737 nobiliores
554 3682 695 3734 custodiae
721 3685 850 3746 tradidit,
878 3682 997 3752 reliquos
1015 3681 1152 3736 militibus

22 3781 122 3826 gum
152 3755 264 3829 praeda
286 3755 437 3808 distribuit.
472 3755 507 3807 Et
532 3771 592 3808 cum
615 3770 671 3807 non
693 3753 780 3806 multo
806 3761 868 3806 ante
892 3768 942 3819 per
968 3751 1091 3804 civitates
1117 3753 1153 3806 ad

21 3850 142 3893 nsum
164 3828 305 3880 exereitus
324 3842 417 3878 currus
435 3825 636 3896 praeparandos
653 3827 826 3892 imperasset,
848 3831 878 3874 ut
894 3822 1013 3874 istis-est
1032 3825 1153 3892 potitus,

20 3903 155 3964 vetuit
174 3901 302 3951 civitates
320 3896 438 3965 amplius
457 3894 490 3948 de
509 3892 633 3948 curribus
651 3893 790 3958 laborare,
813 3892 879 3962 quia
899 3889 975 3962 quod
1003 3893 1068 3944 satis
1095 3900 1155 3943 erat
1180 3930 1183 3936 .

21 3971 200 4034 habebat.
239 3968 288 4020 llis
307 3965 346 4018 ita
363 3966 459 4035 gestis,
477 3964 575 4019 scribit
591 3964 769 4017 Adamantius
788 3965 967 4030 Imperatori,
982 3972 1014 4015 ut
1023 3961 1047 4012 T
1049 3961 1155 4016 heude-

16 4049 134 4109 richo
157 4041 345 4113 promiserat,
371 4052 522 4102 sermones,
549 4051 618 4110 quos
643 4049 766 4088 camec
792 4032 934 4088 babuerat
971 4031 1102 4088 Scribant
1126 4040 1156 4086 ct

66 4146 266 4218 Dexippus,
280 4141 431 4214 Emptas
446 4153 499 4198 etc.
810 4139 815 4146 '
926 4155 956 4210 ιγ
