2734 4634
227 172 310 276 τότ
656 199 866 266 mennam

86 355 339 432 Νιλνρτισότας
375 359 408 433 ἐς
433 353 488 422 τόν
514 352 651 438 πόλεμον
677 351 789 440 ιόρμα,
827 353 883 419 καί
906 354 1075 443 παρεκάλει
1105 361 1222 444 θαρσεῖν
1244 359 1276 438 dr
1326 355 1328 457 ή

96 463 100 468 ’
132 431 326 532 111α”αότός
348 452 583 539 ἐκστρατεύσων
602 453 660 519 καί
675 458 765 543 κοινῇ
786 453 846 520 σύν
865 457 994 530 ἐκείνοις
1014 448 1083 544 δ’,τικ
1095 449 1133 520 ἀν
1150 459 1209 520 δέοι
1224 483 1279 523 πει·
1327 473 1329 515 l

225 578 369 637 σομενος.
410 578 441 618 οι
466 556 503 618 δὲ
531 553 574 631 ὥς
603 555 793 640 ἐπήκουσαν,
815 549 864 619 ότι
892 553 987 629 αὐτός
1018 553 1162 634 βασιλεύς
1180 555 1278 641 ἐξάγειν
1326 545 1328 588 ¹

148 658 215 729 Ρ-ςνν
227 657 351 739 ἐθέλοι,
380 649 479 730 ούτως
499 657 629 730 ἕκαστος
649 656 756 719 adesir
773 656 914 738 ἠπείγετο
935 649 1051 719 ἑαυτόν
1071 657 1214 732 ἐπιδείξαι
1233 662 1281 738 βο·
1326 601 1330 691 i

223 760 309 821 σιλεῖ
321 755 439 818 πολλοῦ
458 747 546 832 ἄξιον
566 744 661 834 όντα,
676 749 758 818 aiore
778 751 833 818 καί
852 751 882 817 oi
902 749 1054 840 πρότερον
1073 763 1137 830 τοῖς
1154 750 1294 838 ήμεμόσινό
1327 727 1328 769 ¹

224 849 347 933 αότιόν,
368 855 421 940 ἐφ’
441 844 468 943 ᾧ
487 850 532 936 μή
554 849 795 938 στρατεύοιντο,
817 851 969 938 ἀργύριον
989 852 1127 928 διδόντες
1145 849 1230 918 πόλιν
1246 855 1282 926 είς

222 951 257 1019 τό
279 951 423 1036 μετέχειν
443 955 501 1036 τής
522 950 633 1030 ἐξόδου
654 960 818 1038 παρεῖχον.
839 955 895 1017 καί
913 948 1028 1026 πόντες
1041 951 1282 1037 α’νθήπτοντοτοιῖ

222 1056 361 1134 πολέμου
384 1051 558 1137 όργιόντες·
573 1053 630 1116 καί
649 1051 723 1126 τούς
742 1076 777 1117 τε
797 1050 1014 1126 κατασκόπους
1032 1047 1109 1126 τούς
1124 1049 1206 1137 παρό
1218 1053 1283 1116 Θεο-

222 1153 352 1238 δερίχου
383 1153 585 1239 πεμφθέντας
616 1149 800 1239 ἐζώγρησαν
813 1203 822 1233 ,
857 1149 912 1215 καί
939 1153 994 1237 τῆς
1022 1153 1080 1215 τοῦ
1110 1147 1281 1235 Βαλαμήρον

222 1255 367 1340 φυλακῆς
386 1258 503 1336 μοι’ριιν
532 1253 691 1316 ἐλθοῦσαν
718 1254 776 1316 ἐπί
789 1248 824 1315 τό
845 1249 969 1335 μακρόν
988 1259 1092 1336 τεῖχος
1113 1249 1143 1315 οῖ
1162 1255 1221 1316 ἐκεῖ
1235 1269 1311 1335 poro

221 1352 388 1428 λάττοντες
410 1353 592 1435 διαπρεπῶς
612 1347 858 1435 ἀπεκρούσαντο.
899 1352 971 1416 ἐπεί
997 1352 1033 1415 δὲ
1065 1351 1112 1426 εἷς
1132 1347 1187 1434 τήν
1205 1345 1284 1412 edrai

222 1448 395 1539 φερόμενος
416 1449 432 1513 ό
454 1447 567 1534 Ζήνων
590 1445 773 1536 ἀνεχώρησε
794 1444 896 1535 φύσιν
903 1500 913 1530 ,
939 1451 996 1513 κατ’
1014 1446 1078 1512 ύπό
1100 1453 1155 1535 τῆς
1180 1447 1288 1534 συμφύ-

215 1574 272 1616 του
304 1552 487 1635 ἀπεσβέσθη
519 1551 659 1629 δειλίας,
693 1543 835 1614 ἐνταῦθα
867 1547 1046 1636 ὀργίζονται
1080 1550 1137 1613 rar*
1162 1549 1286 1632 χαλεπός

191 1647 352 1734 Βέφερον,
379 1646 461 1713 κατὰ
493 1650 661 1724 συστάσεις
691 1674 724 1714 τε
753 1647 912 1742 γινόμενοι
940 1651 1122 1734 ἐμέμφοντο
1153 1643 1287 1730 ἀλλήλους

218 1754 275 1834 τής
304 1746 378 1835 ὅλης
406 1750 578 1831 ἀτολμίας,
608 1751 638 1813 εἰ
667 1744 779 1834 χεῖράς
805 1773 840 1813 τε
869 1746 993 1831 ἔχοντες
1020 1750 1079 1812 καί
1099 1742 1312 1830 βαστάζοντεςιλ

124 1889 137 1910 ι
219 1847 301 1915 όπλα
329 1854 486 1932 μαλακίας
513 1850 663 1935 τοιαύτης
691 1846 816 1914 ἀκούειν
847 1851 1031 1934 ἀνέχονται,
1074 1849 1118 1913 δι’
1143 1840 1180 1932 ἧς
1204 1845 1289 1918 πόλεις

215 1947 339 2016 ἅπασαι
361 1948 455 2034 καίή
479 1951 567 2014 πᾶσα
583 1950 751 2031 Ῥωμαίων
773 1946 867 2030 ἰσχύς
888 1936 1086 2030 ἐξαπόλωλε,
1113 1944 1235 2013 πόντων
1252 1946 1287 2009 ἐπ’

215 2048 361 2128 ἐξουσίας
387 2045 643 2136 περικοπτόιτων,
672 2046 697 2111 di
725 2047 898 2130 βούλοιντο.
939 2047 1089 2114 τοῦτονὸ
1119 2041 1290 2132 Μαρτισνός
1331 1995 1332 2088 i

214 2145 419 2231 συνελόμενος
447 2145 502 2213 τόν
529 2149 646 2235 θροῦν,
676 2150 794 2228 πέμπει
815 2149 939 2232 Ζήνωνι
968 2149 1079 2230 λέγων,
1110 2143 1160 2212 ὅτι
1189 2149 1236 2210 δεῖ
1261 2139 1288 2208 τό

212 2245 428 2336 στρατόπεδον
449 2247 492 2324 ὦς
511 2246 648 2332 τάχιστα
661 2248 825 2330 διαλύειν,
849 2249 895 2331 μή
916 2249 1022 2333 τιζκαί
1042 2245 1198 2333 νεώτερον
1216 2263 1316 2310 συντ-το

96 491 226 556 'Zenon-6
256 551 263 575 ,
430 555 440 574 ,

283 2429 310 2485 6.
332 2425 475 2501 ἀργύριον
491 2429 535 2490 ll,
550 2425 694 2497 ἀργυρίου
710 2425 818 2498 vulp}
853 2411 884 2495 7.'
895 2427 946 2478 rori
966 2425 999 2484 N.
1007 2463 1018 2490 ,
1035 2427 1127 2480 τοῦτο
1155 2424 1233 2494 vulp,
1248 2419 1291 2472 τιν’

283 2512 313 2549 τε
332 2499 365 2551 ll.
422 2495 713 2567 15.elN.,elsvulg.

208 2640 305 2694 foedus
324 2658 385 2692 eam
404 2638 597 2693 Theoderleho
616 2641 742 2700 solveret,
780 2641 848 2693 Cum
868 2639 1022 2692 nihil'eum
1040 2651 1186 2706 moveret,
1212 2652 1290 2696 erw-

208 2714 245 2763 tis
263 2711 400 2764 militibus
428 2712 532 2764 bellurn
557 2711 693 2781 suscepit,
720 2727 789 2784 quos
815 2710 938 2764 hortatus
965 2721 1023 2772 est,
1053 2723 1089 2766 ut
1115 2714 1191 2766 bono
1216 2709 1289 2763 aalma

209 2793 308 2836 esseut.
345 2782 380 2834 Se
398 2783 472 2833 enim
491 2785 671 2834 communiter
688 2799 750 2834 eum
768 2781 825 2833 illis
850 2782 920 2834 belli
938 2783 1077 2852 pericula,
1096 2785 1148 2835 ubi
1164 2799 1230 2852 opus
1244 2780 1292 2829 sue·

208 2855 260 2915 rit,
278 2852 428 2905 aditurum.
464 2851 538 2904 llaec
556 2871 618 2904 eum
636 2853 738 2906 milites
754 2853 915 2916 audiissent,
933 2855 1138 2921 imperatorem
1154 2849 1290 2906 hulebello
1330 2881 1331 2884 =

207 2923 339 2976 interesse
357 2921 503 2987 statuisse,
523 2924 562 2974 ita
582 2943 610 2976 se
628 2926 664 2978 ad
679 2923 732 2977 hoe
751 2932 957 2995 compararunt,
982 2934 1014 2977 ut
1046 2927 1140 2979 talem
1166 2942 1195 2976 se
1222 2938 1293 2974 unus·

206 2993 326 3066 quisque
344 2994 488 3048 ostendere
507 2997 644 3060 studeret,
670 3013 753 3068 quem
771 2997 920 3066 Imperator
939 2999 1039 3050 merito
1061 3015 1116 3052 suo
1136 2994 1245 3068 plurimi
1260 2991 1293 3042 lr-

206 3074 289 3124 σεται,
325 3068 359 3118 Et
385 3075 440 3116 tarn
464 3067 624 3119 ardentibus
649 3067 747 3118 animis
767 3068 802 3118 ad
826 3066 1002 3137 pugnandum
1024 3067 1154 3138 profecti
1172 3073 1246 3126 suut,
1268 3063 1293 3110 tl

206 3137 255 3205 qui
273 3144 354 3188 antea
377 3138 494 3190 militiae
515 3139 684 3191 vacationem
704 3155 719 3189 a
739 3137 854 3190 ducibus
879 3140 996 3207 pecunia
1013 3138 1210 3199 redemerant,
1226 3149 1295 3204 pecu·

205 3206 282 3268 trias,
309 3216 341 3261 ut
360 3207 415 3258 sibi
438 3210 469 3260 in
492 3208 584 3261 hostes
609 3209 727 3262 exeundi
754 3216 920 3278 potestatem
943 3210 1089 3274 lacerent,
1121 3209 1290 3264 numerarent·

203 3278 302 3348 ltaque
321 3287 349 3330 et
366 3279 568 3348 exploratores,
597 3299 613 3331 a
631 3279 825 3334 'l'hendorieho
850 3279 1027 3349 praemissos,
1055 3284 1140 3336 viros
1159 3281 1290 3350 ceperatis

204 3357 235 3402 et
251 3349 406 3412 cohortem,
425 3366 497 3420 quae
509 3351 641 3402 Valamiri
659 3351 711 3403 filii
732 3349 881 3404 custodiam
900 3351 1007 3421 agebat,
1026 3360 1060 3404 et
1083 3369 1178 3426 usque
1197 3348 1228 3400 ud
1244 3346 1294 3395 lou-

203 3435 251 3484 gos
272 3438 363 3473 muros
390 3439 531 3492 progressa
557 3432 627 3484 erat,
659 3432 814 3492 opportune
833 3423 1006 3492 depulerunt.
1048 3423 1111 3475 Sed
1136 3440 1195 3476 uon
1220 3415 1292 3469 mulw

203 3494 326 3558 tempore
345 3512 386 3546 res
405 3500 556 3555 steterunt,
582 3489 650 3564 quin
668 3495 738 3545 Zeno
757 3492 792 3544 ad
808 3495 953 3562 pristinam
977 3501 1115 3547 naturam
1141 3492 1258 3551 rediret,
1273 3491 1295 3536 tl

202 3557 238 3610 ad
255 3561 365 3614 insitam
386 3565 520 3634 ignaviam
539 3564 720 3617 delaberetur.
756 3565 795 3616 Ex
815 3582 869 3634 quo
888 3565 990 3618 milites
1005 3565 1169 3637 indignati,
1187 3579 1234 3633 per
1248 3571 1294 3611 tur·

202 3628 251 3680 bas
269 3645 413 3700 coeuntes,
431 3653 490 3688 sese
509 3635 623 3688 iuvieern
642 3635 765 3706 ignaviae
779 3635 957 3700 accusabant,
977 3637 1058 3708 quod
1079 3654 1183 3689 munus
1201 3631 1294 3687 haben·

201 3709 244 3754 tet
275 3711 304 3754 et
327 3721 399 3757 arma
430 3716 564 3775 gestantes
592 3715 685 3760 tantae
713 3707 859 3770 mollitiei,
889 3723 958 3776 quae
986 3723 1091 3760 ornnes
1123 3709 1248 3760 civitates
1271 3705 1294 3748 el

202 3790 297 3824 ornnes
316 3773 496 3829 Romanorum
524 3780 593 3830 vires
621 3777 826 3846 pessumdaret,
857 3776 973 3850 obsequi
992 3781 1194 3842 sustinerent,
1218 3784 1294 3842 atque

202 3843 347 3914 quisquam
366 3850 453 3897 omnir
475 3851 580 3916 generis
600 3849 774 3902 coutumeliis
800 3849 944 3900 abstinuit.
982 3847 1072 3901 llune
1102 3859 1214 3904 motum
1247 3857 1296 3896 cum

200 3911 353 3968 Martianus
374 3915 570 3981 intellexisset,
589 3918 624 3971 ad
633 3921 769 3972 Zenonem
786 3919 873 3972 mittit
891 3919 1018 3983 suadens,
1042 3927 1078 3972 ut
1122 3937 1187 3972 uam
1206 3915 1295 3970 eilissi·

199 3999 245 4034 nro
262 3986 321 4036 fieri
339 3996 446 4056 posset,
467 3991 632 4050 exercitum,
649 4006 684 4041 ae
706 3989 774 4061 quid
792 4007 924 4042 novarum
943 4007 1038 4042 rerum
1060 3941 1231 4051 mdiiretur,
1247 3985 1295 4036 dis·

197 4052 323 4110 tolleret.
359 4057 402 4110 Ad
420 4062 580 4130 quechno
598 4062 720 4126 remisit,
740 4070 767 4114 et
782 4062 877 4124 iussit,
898 4066 930 4114 ut
948 4063 1158 4134 unusquisque
1178 4059 1296 4115 militum
