2734 4634
110 309 113 314 .
214 188 298 290 258
575 267 580 276 .
650 207 862 275 munros

70 384 100 437 Α.
109 374 204 452 cl'479
213 371 330 460 γράφει
351 371 387 435 δὲ
406 370 462 432 καί
481 362 673 449 Σαβινιανός
698 367 755 429 καί
777 357 926 447 Ἰωάννης
953 358 971 426 ό
991 355 1137 444 όπαρχος
1156 359 1197 426 τά
1219 383 1306 446 γεγε-

73 523 91 574 Z
120 452 331 577 Μένημένα
352 471 407 533 ἐπὶ
423 469 534 549 μεῖζον
553 464 719 548 ὀγκοῦντες
746 461 802 527 καί
830 465 993 544 λέγοντες,
1013 458 1058 544 μή
1074 463 1197 545 χρῆναί
1213 485 1243 526 τι
1264 463 1307 548 τιή

91 537 174 575 Μ’
211 565 364 657 βαρβάρῳ
387 568 576 647 συνθέσθαι,
602 562 647 639 uic
667 563 794 636 ἐλπίδος
815 553 911 644 σόσης
931 554 953 643 ή
972 557 1054 624 κατά
1074 558 1189 644 κράτος
1212 555 1309 624 adeor

212 666 371 750 ἐξελάσειν
399 668 456 749 τῆς
485 663 597 750 χώρας
623 658 644 748 ἢ
666 663 768 726 αότοό
788 663 924 743 μένοντα
945 661 1167 743 κατατρίψειν.
1208 661 1307 725 ταῦτα

214 764 383 850 δεξάμενος
411 763 563 846 βασιλεῦς
599 759 655 826 καί
681 763 833 843 νομίσας,
855 753 991 841 πόλεμον
1019 754 1145 846 είρήνης
1166 757 1327 844 αίσχράς5

214 865 297 935 εἶναι
325 867 464 948 βελτίω,
491 867 623 946 πέμψας
650 855 818 927 οἷνεκάλεσο
846 856 902 925 τόν
922 855 1137 942 πρεσβευτήν,
1158 857 1310 934 κελεύσας

214 967 316 1052 μηδὲν
345 961 393 1029 ἔτι
422 960 502 1050 πρός
530 965 650 1026 ἐκεῖνον
679 957 877 1041 συνθέσθαι,
910 959 979 1022 αλλ’
1003 958 1102 1022 εἰπεῖν
1131 958 1311 1045 Σαβινιυνῷ

141 1063 274 1140 Μεκαί
299 1067 330 1128 Γ
328 1058 438 1143 ἐντονι,
466 1065 496 1127 Γ
495 1055 577 1148 ότθηι
604 1061 664 1142 μὲν
690 1051 759 1124 όντι
788 1057 900 1143 άνόρί,
931 1063 1066 1140 γυναῖκα
1088 1056 1124 1120 δὲ
1138 1055 1311 1138 Ῥωμαίων
1352 1143 1353 1152 ρ

216 1166 279 1230 τῶν
298 1160 375 1248 περί
390 1159 449 1246 τήν
459 1154 615 1245 Ἤπειρον
631 1157 822 1242 γεγαμηκότι
849 1153 906 1220 καί
925 1155 1061 1250 δύναμιν
1087 1151 1212 1238 ἔχοντι,
1240 1153 1311 1238 ἔχε-
1352 1183 1353 1192 ¹

217 1267 298 1329 σθαι
318 1265 378 1325 τοῦ
397 1263 535 1342 πολέμου
557 1257 641 1346 πόση
660 1255 757 1343 χειρί,
779 1251 823 1333 ὥς
845 1255 937 1320 οὐδὲν
956 1257 1113 1336 βασιλέως
1132 1251 1214 1340 πρός
1234 1257 1353 1320 ἐπεί-ια

160 1414 164 1421 -
218 1385 294 1438 νους
313 1361 563 1445 συνθησομένοο.
604 1360 662 1422 καί
688 1358 885 1440 συγκαλέσας
907 1353 985 1434 rode
1004 1352 1200 1436 στρατιώτας
1222 1348 1316 1422 o’A-
1352 1401 1353 1442 ρ

220 1457 395 1543 όαμάντιος
417 1458 548 1547 ἐπῄνεσε
562 1455 682 1534 αότοός
702 1459 758 1540 τῆς
778 1457 980 1541 προθυμίας,
1001 1451 1058 1517 καί
1076 1455 1222 1520 ἐκέλευσε
1244 1479 1317 1540 γεν-
1352 1515 1353 1524 ,

219 1563 337 1639 ναίους,
360 1554 465 1641 ὥσπερ
487 1554 618 1641 πάτριον
639 1554 765 1637 αὐτοῖς,
786 1553 922 1638 ἔχεσθαι
940 1556 1006 1619 τόν
1024 1552 1241 1640 πραγμάτων,
1264 1557 1321 1618 καί

220 1657 259 1723 τό
282 1655 318 1721 ἑκ
337 1659 494 1740 βασιλέως
517 1657 675 1738 ἑπανέγνοο
692 1653 891 1741 πρόσταγμα.
912 1661 982 1729 ταῖς
1005 1656 1033 1718 τ’
1048 1652 1171 1719 ε’λπίσιν
1195 1648 1320 1729 αότοός
1352 1649 1353 1734 l

221 1752 401 1842 μετεώρους
428 1752 582 1839 ποιήσας,
608 1753 653 1831 σός
681 1749 839 1838 βασιλέως
867 1753 920 1818 αἐί
942 1755 1026 1819 πᾶσι
1051 1751 1111 1838 τήν
1131 1745 1349 1837 προθυμάαιὸ

222 1849 282 1919 oda
303 1847 444 1941 άκαρπσν
462 1856 594 1938 ἐῶντος,
617 1853 778 1940 εὐφημίας
799 1851 893 1936 ἔτυχε
913 1854 968 1916 καί
985 1851 1066 1935 μετά
1088 1855 1182 1936 τιμῆς
1220 1875 1321 1938 παρτ·
1352 1905 1353 1914 ,

222 1957 371 2041 πέμφθη.
412 1955 467 2018 καί
485 1949 503 2016 ό
522 1955 584 2035 μὲν
608 1952 772 2038 ἀπηλλάγη
792 1953 893 2038 μηδὲν
909 1953 1003 2018 πλέον
1020 1949 1166 2034 ποιήσας.

81 2060 213 2128 aclis
308 2051 346 2137 β.
380 2047 451 2116 Ὅτι
469 2053 525 2117 ε’πί
547 2049 695 2137 Ζήνωνος
713 2053 772 2116 τοῦ
799 2048 956 2131 βασιλέως
985 2049 1126 2126 στάσεως
1151 2051 1321 2134 γενομένης

85 2131 313 2258 Zedddsdm&
334 2153 530 2236 Μαρκιανοῦ
550 2154 604 2217 καί
624 2143 729 2215 ἄλλων
748 2149 857 2229 τινῶν,
892 2147 1089 2234 Θευόέριχος
1117 2147 1133 2213 ό
1160 2153 1320 2234 Τριαρίου

192 2250 340 2336 Βμαθών
363 2277 402 2315 τα
425 2249 590 2334 γεγονότα,
623 2254 679 2314 καί
703 2244 875 2329 όπολαβάν
895 2246 1008 2334 καιρόν
1028 2249 1086 2316 νῦν
1108 2249 1194 2338 edepl
1216 2267 1335 2330 uuor-²

224 2349 340 2418 στόνοι
359 2352 399 2437 τῇ
418 2347 510 2414 πόλει
530 2352 704 2415 ἐπιθέσθαι
723 2347 778 2414 καί
796 2348 841 2436 τῷ
860 2351 990 2430 βασιλεῖ
1005 2349 1114 2437 αότηῖ,
1134 2353 1197 2413 πᾶν
1220 2347 1322 2424 reule

225 2445 406 2535 ’ἀναστήσας
435 2447 470 2515 τό
499 2449 697 2535 βαρβαρικόν
725 2441 798 2534 ἧκε,
838 2449 937 2530 όήθεν
970 2449 1030 2531 μὲν
1055 2447 1099 2524 τός
1125 2445 1323 2531 βουλόμενος

226 2547 315 2638 αότηλ
340 2571 375 2612 τε
394 2549 436 2635 τῷ
455 2552 584 2633 βασιλεῖ
600 2547 657 2615 καί
674 2553 715 2640 τῇ
734 2546 824 2621 πόλει
842 2547 985 2632 α’μῦναι,
1024 2543 1180 2636 πρόδηλος
1211 2550 1247 2614 di
1280 2543 1324 2613 ὧν

227 2751 394 2806 Sabinianus
414 2758 444 2804 et
460 2753 576 2804 loannes
589 2754 744 2823 praefectus
772 2769 814 2806 res
832 2767 848 2804 a
867 2759 1009 2824 regestas,
1025 2761 1054 2805 et
1072 2753 1166 2804 omnia
1183 2753 1216 2804 in
1234 2753 1324 2804 mains

227 2822 410 2883 extollentes,
435 2820 605 2886 suadebant,
631 2831 664 2874 ut
680 2841 775 2896 pacem
797 2839 858 2876 cunr
876 2823 994 2876 barbaro
1011 2841 1068 2876 non
1088 2825 1200 2876 laceret.
1238 2824 1324 2893 Spcns

228 2895 304 2944 enirn
322 2908 381 2947 esse
399 2890 427 2940 vi
446 2909 510 2944 eum
528 2895 639 2964 regione
659 2892 780 2966 depelli,
807 2900 856 2946 aut
875 2897 898 2946 si
917 2895 1065 2958 manserit,
1092 2895 1215 2964 opprimi
1234 2909 1324 2963 porse.

199 3028 201 3032 Ι
227 2962 304 3016 Haec
321 2962 370 3013 ubi
389 2963 540 3031 Imperator
557 2965 683 3028 rescivit,
703 2964 808 3018 bellom
824 2966 901 3034 turpl
915 2981 981 3035 pace
998 2968 1090 3036 potius
1109 2967 1230 3027 ducens,
1249 2963 1327 3015 misit
1352 3019 1353 3030 η

229 3035 279 3104 qui
298 3033 418 3101 legatum
436 3033 542 3099 redire,
566 3051 658 3105 neque
677 3039 823 3108 quicquam
840 3037 880 3087 roi
898 3037 1015 3105 amplius
1034 3054 1094 3090 eum
1115 3034 1237 3087 barbaro
1256 3051 1325 3086 eon·
1352 3037 1353 3076 ἶ

228 3101 339 3156 trahere
358 3103 483 3168 iuberet,
511 3104 560 3157 sed
584 3104 675 3159 verbis
694 3108 749 3160 suia
772 3104 923 3160 Sabiniano
943 3105 1048 3159 diceret
1064 3117 1092 3160 et
1111 3105 1252 3168 Gentoni,
1280 3105 1325 3172 (is

229 3183 291 3226 erat
306 3175 349 3224 vir
367 3173 490 3240 Gothus,
518 3184 548 3228 et
573 3161 838 3229 mutierdltomaure
863 3179 892 3228 in
911 3179 993 3247 Epiro
1011 3185 1155 3248 nupserat,
1183 3185 1214 3226 et
1231 3179 1326 3244 copias

230 3243 382 3312 ducebat,)
400 3254 431 3297 ut
448 3262 509 3298 cuns
527 3249 656 3300 omnibus
673 3247 770 3318 copiis,
789 3263 860 3320 quae
880 3249 945 3316 ipsis
964 3247 1100 3311 adessent,
1120 3246 1227 3298 bellum
1247 3262 1327 3314 gere-

231 3323 309 3379 rent,
328 3329 380 3364 ncc
399 3317 472 3366 enim
491 3317 546 3372 sibi
565 3320 621 3371 uls
640 3319 669 3367 in
691 3334 800 3372 recum
819 3318 937 3370 barbaro
949 3319 1102 3370 convenire.
1140 3317 1328 3370 assumm-

225 3389 302 3448 πᾶσι,
322 3390 475 3438 convocatis
492 3389 646 3451 militibus,
663 3402 758 3441 eorum
778 3389 969 3441 fortitudinem
987 3389 1123 3450 laudavit,
1143 3397 1173 3440 et
1189 3395 1224 3439 ut
1241 3387 1330 3440 sortes

232 3473 291 3509 esse
309 3465 471 3526 pergerent,
501 3465 534 3509 nt
549 3475 608 3511 mos
628 3460 733 3528 patrius
753 3460 853 3520 ferret,
880 3459 1005 3512 hortatus
1024 3469 1073 3512 est
1110 3459 1182 3511 'lum
1202 3461 1328 3530 Impera-

231 3527 301 3577 toris
319 3527 478 3580 mandatum
496 3529 552 3580 illis
571 3532 709 3592 recitavit,
737 3531 813 3580 etin
831 3547 939 3600 magnas
957 3547 1019 3600 spes
1038 3548 1084 3582 eos
1103 3531 1209 3594 crexit,
1232 3533 1329 3600 lorpe-

232 3604 351 3648 ratoresn
370 3598 562 3663 fortitudinem
586 3609 615 3652 et
640 3603 789 3652 navitatem
809 3618 902 3654 eorum
918 3614 975 3653 non
993 3603 1053 3654 sinc
1071 3602 1177 3668 nra‘gnis
1196 3602 1330 3670 praemiis

201 3673 211 3688 “
233 3672 563 3732 esseprsetersnissurunr.
599 3670 770 3724 Buccillum
789 3687 886 3740 magno
906 3687 967 3723 curn
985 3673 1084 3740 plausu
1099 3671 1223 3724 locutum
1238 3671 1331 3722 lrono-

205 3789 208 3800 ,
233 3737 310 3787 riiiee
330 3737 432 3791 milites
450 3741 589 3808 prosecuti
608 3751 680 3794 sunt
717 3743 751 3794 Et
768 3743 809 3793 sie
826 3741 953 3814 quidem,
981 3741 1121 3813 legatione
1139 3741 1219 3796 haud
1236 3743 1330 3794 felici-

232 3813 276 3860 ter
295 3818 421 3874 peracta,
440 3811 574 3864 discessit

304 3893 329 3928 a.
366 3880 474 3932 Zenone
490 3885 641 3953 imperante
649 3881 805 3936 Marcianus
824 3891 853 3934 ot
868 3883 918 3936 alii
936 3884 1064 3936 nonnulii
1084 3883 1252 3937 seditionem
1271 3901 1333 3935 rno-

232 3954 341 4000 verunt
362 3946 416 3998 Ubi
435 3965 466 4001 ea
484 3969 526 4003 res
546 3950 809 4006 adTlreudcriclrorn
820 3953 919 4006 Triarii
938 3956 975 4006 fil.
995 3965 1038 4008 est
1054 3953 1156 4017 delata,
1174 3953 1230 4007 sibi
1249 3953 1353 4020 obla-q

232 4025 290 4069 sam
310 4020 482 4071 occasionem
500 4023 596 4075 urbem
618 4030 647 4074 et
664 4024 859 4093 Imperatorem
879 4027 969 4094 ipsum
991 4023 1136 4078 adoriendi
1159 4021 1353 4082 existimarat]

233 4103 360 4158 magnam
379 4089 560 4144 barbarorum
576 4109 687 4148 manum
705 4097 795 4166 coegit
820 4097 971 4160 simulans,
987 4113 1016 4150 ιε
1035 4095 1070 4148 ad
1086 4097 1285 4166 Imperatorem
1301 4087 1353 4146 ει1
