2734 4634
335 209 604 285 susurrium
630 216 834 284 mssours.
1046 194 1141 280 3οόΥ

45 373 176 455 δώσειν,
205 371 304 450 uiduis
332 395 366 437 rs
396 367 498 437 αύτδν
517 372 575 437 osis
603 367 687 456 εἶχεν
705 365 767 458 ἤδη
796 375 949 458 περὶτῶν
969 375 1077 442 αύτοὸν
1097 375 1272 442 tiosos

45 469 218 555 μωμοκύτα
247 468 333 550 ἅπαξ
359 470 417 535 καί
432 480 497 547 τοῖς
529 467 634 556 ὅρκοις
654 471 729 553 ούχί
748 470 1039 557 ἐγκαρτερήσαντα.
1083 473 1132 540 διὸ
1141 455 1263 579 ,133υέβὶ

47 569 88 655 δη
117 572 174 634 καί
199 566 350 652 βασιλεύς
378 572 540 646 Ἰουστῑνος
569 564 607 634 sd
635 569 728 647 εἰδούς
754 593 788 636 τε
818 573 875 634 καί
893 570 1162 656 τεκμαιρόμενοςο

42 679 112 744 τοῖς
131 671 306 756 φθάσασα,
332 667 377 743 (ὃς
398 668 605 757 Κονιμούνδῳ
627 667 730 734 ἔνεστι
745 669 877 744 πίστεως
897 673 990 736 ου’δὲν
1009 670 1134 756 ὁτιοῦν,

22 767 223 852 stuprantes
250 768 311 849 μὲν
327 760 372 836 ,ού
383 791 414 831 τι
443 759 520 855 ᾤετο
536 771 656 852 χρῆναι
687 765 745 854 την
764 770 971 851 ξυμμαχίαν,
992 764 1135 860 οἷναβολῇ

42 869 82 932 δὲ
103 862 191 946 ὅμως
210 864 449 950 παρεκρούσατο
460 867 527 930 ’τού
545 863 714 952 βαρβάρου
732 865 788 952 την
803 865 945 952 αἴτησιν·
974 866 1036 956 ἔφη
1056 867 1132 956 γὰρ,

41 967 90 1044 οἷς
122 967 364 1046 διεσκεδασμένα
391 959 431 1029 τύ
457 964 619 1046 Ῥωμαϊκὰ
642 962 783 1052 ύπύρχει
810 963 1043 1052 στρατεύματα,
1077 967 1133 1050 ξύν

42 1065 171 1150 σπουδῇ
191 1065 227 1128 δὲ
248 1062 291 1139 uic
311 1055 377 1127 oiiv
397 1066 431 1127 ri
451 1065 538 1128 iussu
567 1060 724 1148 ἀθροίσας
745 1065 857 1130 αύτίκα
878 1066 1050 1149 ἐκπέμψαι.
1093 1069 1133 1132 α’-

42 1162 145 1247 κὴκοα
177 1163 212 1225 δὲ
241 1163 317 1244 περί
337 1158 564 1243 Κονιμούνδοα
593 1165 649 1228 καί
666 1159 790 1244 roscido,
811 1162 885 1245 ἐμοὶ
904 1167 939 1229 δὲ
960 1166 999 1228 od
1018 1164 1132 1230 πιστά·

6 1263 120 1329 ιολιάν
137 1258 197 1343 γὰρ
219 1260 349 1335 α’ναιδὲς
372 1259 499 1344 ὑπῆρχε
518 1257 575 1325 τύν
586 1259 889 1345 παρασπονδησαντα
903 1265 977 1345 περί
994 1264 1058 1327 τῶν
1071 1265 1132 1327 αύ-

40 1361 110 1424 τῶν
129 1361 254 1424 δεῖσθαι
274 1360 330 1422 καί
349 1355 461 1423 πάλιν.
492 1361 612 1443 λέγεται
632 1361 677 1441 δὲ,
700 1353 743 1436 ὥς
766 1358 822 1424 καί
843 1359 1058 1444 Λογγιβαρδοι
1076 1382 1161 1446 sep-n

38 1460 178 1522 νικαύτα
206 1454 459 1541 ἐπρεσβεύσαντο
492 1456 579 1544 παρὰ
608 1459 798 1540 Ἰουστῖνον,
823 1461 879 1522 καί
900 1453 950 1524 ὅτι
968 1463 998 1526 Γ
996 1457 1134 1543 η’παιδας

35 1559 95 1640 τῆς
113 1555 158 1631 ὥς
174 1555 352 1635 Ῥωμαίους
370 1553 592 1641 ἀγνωμοσύνης
605 1561 737 1622 πλεῖστα
759 1553 822 1622 ὅσα
844 1555 1132 1644 κατηγορήσαντες,

33 1653 96 1740 την
124 1659 160 1720 ἐκ
182 1651 349 1736 Ῥωμαίων
382 1657 443 1737 μὲν
464 1653 645 1740 θηρώμενοι
671 1657 859 1739 συμμαχίαν
877 1650 996 1741 ἤνυσαν
1018 1655 1130 1738 ούδὲν,

6 1749 281 1838 ιςκατεπρύξαντο
301 1756 337 1820 δὲ
359 1747 445 1836 ὅμως
472 1752 553 1840 πρὸς
577 1757 633 1820 τού
652 1757 809 1838 βασιλέως
828 1758 911 1839 μηδὲ
930 1751 1055 1842 ἐτέρους
1074 1759 1133 1840 τῆς

29 1854 207 1934 Ῥωμαίων
229 1845 411 1917 ἀπολαῦσαι
431 1855 626 1938 ἐπικουρίας.

125 1951 176 2033 ιγ’.
208 1944 279 2015 ’Ότι
294 1949 436 2027 Βαῖανύς
450 1949 542 2017 ύτῶν
566 1950 712 2037 Ἀβύροον
725 1949 906 2038 ἡγούμενος,
920 1955 954 2018 ἐν
974 1942 1001 2042 ᾧ
1019 1951 1124 2042 χρόνῳ
1132 1963 1149 2018 t.
1158 1962 1276 2017 A.C.568

1133 2033 1190 2084 lnd.
1202 2051 1210 2086 r

30 2047 71 2115 τύ
97 2048 231 2130 Ἁρμιον
240 2046 393 2131 ἠβούλετο
410 2050 636 2135 πολιορκήσειν,
656 2047 850 2117 Βιταλιανύν
868 2076 901 2116 τε
915 2049 970 2116 sris
988 2047 1230 2156 ἑρμηνίαΙιηιὶιὶί
1240 2102 1259 2170 4

29 2151 97 2212 καί
115 2150 263 2229 Κομιτᾶν
290 2141 375 2230 εἶχεν
404 2149 438 2214 ἓν
466 2151 608 2230 δεσμοῖς.
636 2142 736 2236 ἄμφω
757 2147 817 2236 γύρ
837 2148 881 2216 soi
902 2142 999 2235 ἄνδρα
1024 2175 1125 2216 cousus

6 2241 205 2322 σ’[οοοττνος
224 2242 404 2328 ύβασιλεύς
424 2241 484 2333 ἤδη
505 2247 627 2325 userius
647 2249 791 2334 ύπηρχεν
823 2250 866 2325 uic
897 2248 1013 2329 udrdv,
1043 2245 1133 2333 αἰτη-

31 2369 161 2419 σοντας
182 2348 291 2426 αύτοῦ,
314 2343 359 2421 ὥς
378 2342 419 2411 dv
440 2344 520 2412 ἅττα
542 2348 725 2434 διαλεχθείη
745 2371 781 2432 γε
801 2351 929 2423 adroic.
950 2346 967 2413 ὃ
987 2350 1023 2414 δὲ
1042 2345 1151 2434 παρύ·

31 2443 101 2510 τὸν
119 2443 224 2509 κοινὸν
241 2447 304 2509 τῶν
323 2445 488 2531 πρέσβεων
506 2444 628 2526 θεσμὸν
648 2441 733 2529 εἶχεν
752 2449 786 2511 ἐν
807 2448 945 2528 δεσμοῖς.

114 2573 265 2638 nauto„
281 2562 320 2645 μῆ
338 2573 409 2644 vulg.
461 2571 880 2636 ιο.’1ουοττνονΝ.,Ἰουστίνου
898 2573 967 2641 vulg.
1022 2570 1131 2638 Γιίπαι·

111 2641 238 2714 drcvulg.
293 2663 334 2698 so
348 2643 514 2710 αἰτήσαντες
528 2645 598 2716 vulg.
636 2662 676 2699 τι.
691 2642 760 2696 diss
778 2643 908 2714 ἐγκαλοίη
933 2641 1004 2696 διαί.
1015 2644 1086 2697 coni.
1095 2643 1128 2696 N.

28 2779 140 2824 onem,
162 2780 231 2834 quse
253 2764 325 2815 intra
343 2764 461 2816 Drsvum
490 2763 601 2818 fluvium
620 2770 679 2825 est,
699 2779 887 2817 concessurum
908 2779 966 2815 esse
984 2763 1127 2833 pollicitus

28 2842 89 2887 est.
129 2831 226 2904 Neque
243 2833 349 2904 pudore
366 2833 544 2899 efficiebatur,
565 2833 639 2907 quod
656 2835 728 2888 idem
748 2836 801 2886 inm
822 2833 907 2889 semel
925 2837 1056 2896 iurasset,
1076 2851 1129 2886 ne-

27 2921 96 2978 que
121 2903 301 2956 iureiurando
322 2906 451 2958 stetisset.
486 2905 526 2956 Ex
552 2919 606 2976 qoo
638 2919 699 2955 cum
725 2905 877 2974 Imperator
905 2906 1073 2974 perspiceret
1100 2913 1129 2956 ct

25 2973 193 3028 coniiccret
218 2991 252 3026 es
275 2973 333 3036 his,
361 2990 432 3044 quse
457 2983 618 3038 evenerunt,
642 2973 715 3026 nihii
743 2975 833 3028 inesse
853 2974 1022 3027 Conimundo
1048 2973 1129 3036 odei,

25 3044 157 3097 minime
172 3044 284 3115 quidem
309 3045 351 3096 ilii
370 3043 558 3114 denegandum
576 3045 725 3107 auxilium,
752 3045 802 3096 sed
818 3043 952 3097 dilutione
969 3051 997 3097 et
1014 3059 1129 3115 procra-

26 3116 195 3170 stinatione
222 3116 384 3184 petitionem
403 3114 461 3166 eius
486 3111 636 3167 ducendam
655 3114 829 3167 existimavit
866 3113 1014 3183 Respondit
1038 3115 1126 3175 enim,

48 3205 87 3238 er
108 3187 198 3236 varias
214 3186 366 3254 provincius
387 3184 522 3254 dispersos
547 3201 605 3237 esse
624 3186 805 3237 Rornanorum
831 3187 980 3237 exercitus:
999 3201 1058 3235 cum
1078 3199 1125 3235 ce-

24 3207 153 3309 ieritste
171 3261 199 3306 et
216 3255 307 3307 studio
325 3255 389 3306 illos
407 3261 562 3308 coacturum
582 3262 612 3307 ct
628 3271 708 3326 quum
726 3255 855 3307 citissime
875 3256 1015 3324 suppetias
1031 3253 1131 3303 missu·

25 3345 109 3380 rum.
150 3323 222 3376 Haec
232 3342 341 3397 quoque
359 3325 427 3376 mihi
438 3326 473 3378 de
485 3325 657 3378 Coniruundo
677 3323 770 3377 audita
780 3346 786 3378 :
797 3325 845 3378 sed
862 3326 974 3377 minime
992 3321 1129 3374 verisimi-

24 3399 73 3449 lia
94 3393 237 3448 videntur.
272 3395 342 3447 Mihi
360 3396 434 3447 enim
451 3397 517 3447 satis
532 3394 675 3465 impudens
696 3395 805 3448 uidetur
826 3397 858 3458 is,
874 3398 922 3468 qui
940 3411 999 3445 cum
1019 3391 1129 3442 foedera

24 3465 168 3536 ruperit,
184 3464 279 3516 eadem
297 3483 387 3518 rursus
404 3468 482 3534 petit
520 3467 627 3519 Dicitur
643 3481 719 3529 vero,
736 3483 791 3518 non
808 3467 896 3520 solum
917 3475 983 3517 tunc
999 3461 1129 3529 temporis

22 3535 240 3601 Longobsrdos
270 3537 373 3604 legatos
404 3536 439 3587 ud
463 3538 597 3589 lustinum
622 3536 744 3597 misisse,
775 3535 822 3588 sed
839 3535 933 3606 quavis
957 3533 1064 3582 ratione
1082 3543 1128 3582 eos

23 3605 167 3674 Gepidss
184 3603 399 3674 spudRomnnos
421 3607 519 3674 ingrati
538 3623 599 3674 erga
622 3605 684 3658 ilios
700 3607 784 3658 nnirni
801 3605 969 3656 insimulatos
989 3617 1055 3663 esse,
1074 3617 1128 3670 quo

20 3679 127 3745 magis
138 3676 192 3746 ipsi
204 3675 308 3729 auxilio
318 3674 393 3742 digni
403 3676 571 3738 viderentur,
583 3676 630 3726 sed
641 3674 712 3728 nihii
723 3677 904 3744 proiecerunt.
924 3673 981 3722 Hoc
995 3671 1128 3722 tamenab

20 3751 214 3820 Imperatore
225 3749 362 3797 consecuti
375 3755 447 3807 sunt,
468 3755 499 3798 ut
511 3755 606 3798 neutra
624 3761 687 3817 gens
697 3764 712 3797 s
724 3745 849 3797 Romanis
863 3742 972 3792 auxiliis
982 3742 1126 3794 iuvaretur.

117 3819 158 3869 si.
194 3817 310 3868 Baianus
339 3833 393 3886 quo
415 3824 538 3884 tempore
563 3816 597 3868 de
623 3815 774 3868 obsidendo
793 3813 891 3866 Sirmio
909 3811 1060 3882 cogitabat,
1077 3812 1127 3861 Vi-

20 3887 192 3942 tallisuum
215 3889 391 3955 interpretem
418 3893 445 3937 et
471 3887 596 3938 Comitnn
620 3889 650 3938 in
668 3886 778 3938 vincula
799 3884 923 3936 coniecit
960 3884 1015 3935 ilos
1036 3889 1126 3932 autern

21 3963 113 4013 duos
131 3959 206 4009 viros
234 3958 353 4009 Iustinus
380 3959 529 4023 imperetur
555 3956 657 4010 dudum
678 3955 713 4007 nd
732 3955 810 4006 ilium
831 3955 959 4014 miserat,
975 3959 1005 4002 ut
1023 3950 1127 4000 edituus

22 4029 66 4082 ad
90 4026 313 4098 colloquendum
333 4041 393 4077 cum
413 4026 461 4078 ilio
479 4027 514 4081 de
534 4027 698 4098 quibusdam
723 4023 804 4078 rebus
821 4029 954 4091 peterent.
991 4024 1018 4075 ls
1036 4028 1127 4073 sutem

18 4107 139 4155 eontra
159 4098 200 4150 sas
218 4105 247 4150 ct
263 4112 405 4149 commune
427 4098 470 4149 ius
490 4100 612 4168 gentium
629 4113 676 4152 eos
694 4098 724 4150 in
744 4095 859 4155 vinculis
879 4092 983 4146 habuit

62 4201 237 4273 Dexippus,
255 4199 402 4270 Eutropius
417 4211 467 4253 ιιι.
899 4212 933 4250 so
