2734 4634
162 119 234 179 v111
573 109 811 183 rimmo

161 273 228 326 iecit
243 269 440 324 direrairrimoe
463 269 565 323 indoli·
584 271 777 326 rnnontioncr
802 269 833 321 in
861 266 966 339 ecloga·
987 267 1022 320 ‹le
1040 265 1250 339 legationllrnrr

163 373 332 430 admirandus
353 371 466 426 ll'enrioi
482 372 585 426 Valerii
595 411 604 437 ,
626 372 678 428 viri
695 387 783 442 poene
803 370 964 441 ringolarie,
990 377 1020 424 et
1033 370 1147 425 rtolielrr
1165 373 1248 428 oau-

162 477 275 532 tocleri:
294 485 353 536 tum
370 474 406 526 od
424 491 456 526 ca
474 490 547 548 qnae
564 491 598 527 ex
609 473 708 530 Photio
726 472 862 541 ‹leocripto
879 478 958 538 aunt,
983 488 1045 525 rnna
1064 474 1150 543 iprioa
1167 491 1251 527 corn·

163 581 361 643 mentationear
378 578 538 649 prolixiorea
556 576 618 630 incr
628 575 740 647 quidem
756 591 840 647 qnam
856 577 921 627 ratio
939 582 1019 640 ercet,
1037 575 1252 632 adalmodem

163 683 247 736 utilea
267 689 295 734 et
312 681 401 735 bonae
418 680 502 752 frugir
519 681 614 750 plenae
628 700 637 742 z,
655 682 797 734 universae
815 688 908 733 rotem
922 679 1078 737 collectioni
1096 678 1254 750 praemisit,

165 785 242 860 quod
269 785 462 857 Protrepticorr
488 785 645 853 inscripsit,
672 782 754 838 velie
779 783 940 836 lertinotum
969 782 1148 854 opurcnlnm3
1173 799 1252 854 qno,

164 896 275 962 praeter
286 894 458 959 conopectum
473 886 573 959 operio,
589 884 693 957 dequo
710 886 837 955 ruperiur
846 887 1014 939 mentionem
1030 886 1095 950 ieci,
1110 887 1255 957 catalogue

164 994 370 1064 Imperatorum,
379 989 645 1060 Putriurcircrnruqne
654 989 824 1055 oontlneturr
842 987 937 1043 addito
947 988 1039 1043 indice
1050 989 1086 1047 nri
1092 989 1254 1045 litterarum

166 1097 291 1155 oriinem
309 1095 465 1166 diapoaito,
484 1109 543 1165 quo
560 1095 652 1148 eructi
667 1100 860 1147 enumerantur
874 1110 991 1166 quorum
1009 1092 1046 1149 ed
1069 1092 1142 1147 lrrnc
1156 1092 1256 1147 hirto-

168 1201 226 1256 riee
242 1206 349 1270 partem
369 1197 520 1270 spectantia
535 1199 653 1269 scripta,
670 1204 721 1250 ent
735 1197 936 1250 raitemeornm
945 1197 1077 1251 memoria
1093 1197 1227 1251 muner.

237 1305 293 1374 Ego
311 1319 374 1358 vero
383 1340 392 1367 ,
409 1319 494 1376 quum
512 1302 542 1355 in
561 1317 594 1356 eo
611 1317 654 1354 rea
674 1308 747 1355 erret
771 1309 804 1355 nt
821 1299 909 1354 editio
926 1301 1078 1355 Bonnenria
1095 1299 1255 1371 eclopoaclo

168 1404 529 1478 legationibur'eririberet,
552 1404 690 1476 quomodo
711 1404 742 1460 in
770 1406 882 1469 ceteris,
900 1420 970 1475 quoe
992 1403 1118 1458 Lablreua
1140 1404 1176 1458 iia
1199 1405 1260 1459 ad-

169 1511 279 1572 iunnit,
295 1524 417 1566 verreret
442 1523 500 1562 non
518 1523 615 1577 porum
632 1506 774 1563 haesitavi.
809 1505 906 1579 Neque
928 1507 1005 1562 enim
1023 1510 1165 1565 inimemor
1187 1525 1256 1562 anm

171 1613 377 1682 promiraionir,
403 1628 459 1682 que
486 1609 620 1668 Weberor
645 1624 705 1664 rere
730 1610 894 1668 obatrinxitr
921 1611 995 1666 nihii
1008 1627 1119 1682 prorror
1135 1628 1171 1668 ex
1186 1611 1233 1665 lrir
1242 1648 1258 1676 ,

170 1733 242 1788 quac
262 1719 294 1778 in
318 1715 440 1771 editione
457 1714 577 1769 Parisino
595 1714 790 1779 continentur,
810 1715 941 1770 omissum
959 1715 1015 1770 iri:
1039 1744 1073 1757 -
1090 1713 1166 1789 quoi
1183 1717 1256 1788 qui-

170 1822 232 1875 dem
251 1821 364 1874 minime
383 1817 524 1883 obstabat,
542 1835 577 1872 ne
593 1817 726 1888 licryclrii
741 1820 903 1890 operculum
919 1820 1037 1890 aptiori,
1064 1820 1120 1872 imo
1136 1821 1256 1890 proprio

170 1942 238 1988 ruo,
255 1925 315 1980 loco
333 1929 530 1992 rercmcretnr3
550 1939 584 1976 ac
600 1937 636 1978 ne
658 1921 818 1979 omittendis
838 1921 950 1994 quidem
967 1925 1103 1994 excerptio
1114 1922 1257 1978 ex'lheo-

168 2028 315 2102 phylacto,
341 2044 454 2100 quarum
478 2026 554 2078 nullo
581 2028 694 2081 omnino
718 2027 826 2080 utiliter
849 2035 905 2092 ert,
931 2027 987 2080 niri
1012 2035 1045 2082 ut
1064 2026 1132 2082 inde
1158 2029 1257 2081 verine

169 2119 303 2200 lectionea
321 2131 356 2185 ad
381 2130 463 2184 cririn
481 2132 581 2202 integri
604 2133 694 2202 operia
721 2139 860 2201 petantur.
894 2131 937 2186 De
954 2132 1069 2204 reliquit
1088 2133 1124 2202 ln
1150 2139 1259 2186 onam*

171 2253 227 2308 que
244 2246 350 2306 partem
369 2236 503 2305 disputari
519 2245 637 2309 poteret.
671 2234 801 2290 Attamen
821 2238 853 2291 in
876 2237 961 2292 Snida
982 2234 1173 2308 perlurtranrlo
1195 2236 1258 2291 rive

171 2339 301 2395 Lnbhena
320 2343 376 2396 aire
396 2340 482 2405 aliur,
506 2338 550 2391 cui
567 2338 641 2392 hunc
665 2339 790 2394 laborem
807 2338 996 2404 demandavit,
1021 2339 1256 2410 negligentirrime

171 2453 294 2498 terantur
314 2449 373 2508 ert;
393 2449 433 2506 ut,
449 2444 473 2492 ri
493 2459 586 2495 revera
606 2458 677 2512 qnae
695 2442 783 2497 ibiarl
792 2442 936 2496 hirtoriam
949 2443 1124 2512 liprantinom
1133 2442 1256 2513 reposita

173 2552 281 2600 enatant
297 2543 411 2600 collecta
429 2542 495 2596 darc
514 2544 602 2608 veliz,
623 2543 702 2594 labor
718 2542 892 2596 adhibendos
909 2552 996 2609 erret,
1007 2545 1054 2598 cui
1072 2545 1256 2615 lmpcrtlendo

173 2649 227 2706 iroc
243 2647 355 2721 quidem
373 2654 495 2716 tempore
520 2662 611 2718 neque
637 2645 707 2700 milri
725 2646 813 2699 otium
830 2652 874 2698 ert
887 2661 978 2716 neque
994 2646 1104 2710 amicir,
1128 2649 1179 2720 qni
1193 2663 1255 2700 men

175 2769 256 2810 crura
279 2753 361 2804 etium
384 2753 519 2820 ingratum
542 2749 679 2821 curcipcrc
708 2751 798 2819 parari
819 2756 892 2803 runt
925 2749 967 2804 Ex
998 2750 1043 2804 lrir
1067 2759 1158 2806 antcm
1183 2767 1256 2822 qnae

174 2855 249 2926 ¹apud
268 2855 410 2908 Labbeunr
428 2854 544 2908 collecta
563 2856 707 2924 leguntur,
720 2869 777 2907 non
793 2868 881 2924 peuce
897 2853 934 2908 orl
946 2854 1155 2909 ecclesiaticam
1166 2855 1256 2908 hirto-

176 2960 246 3014 rinm
273 2959 428 3029 pertinent:
452 2975 467 3010 e
491 2957 605 3028 reliquie
629 2973 812 3029 quaecunque
833 2957 945 3014 malorir
969 2958 1101 3011 momenti
1127 2965 1257 3013 cuntant

177 3061 279 3116 diaerte
300 3062 350 3114 rub
367 3060 483 3114 alicuius
500 3060 644 3124 eSeriria,
660 3077 777 3133 qnorum
790 3062 922 3135 reliquiar
937 3062 1115 3119 cummaxime
1132 3063 1257 3128 edimur,

177 3167 290 3222 nornine
308 3168 470 3230 offeruntur,
498 3173 548 3220 aut
565 3163 600 3218 ad
615 3181 699 3218 unum
717 3182 751 3219 ex
768 3166 803 3218 iir
820 3169 874 3222 iun
891 3166 957 3232 diu,
982 3167 1145 3236 praerectim
1154 3168 1257 3223 Valerii

177 3271 319 3336 acumine,
347 3269 433 3322 reluta
454 3263 532 3330 aunt:
559 3275 649 3322 cetere
676 3269 748 3322 levia
772 3269 832 3324 iere
853 3268 982 3326 ridentur
1008 3287 1041 3325 ac
1062 3274 1140 3343 parri
1165 3272 1258 3344 pretii,

161 3389 163 3396 ’
180 3369 260 3444 Quae
278 3389 362 3444 quum
380 3373 420 3427 ite
437 3373 501 3438 rint,
522 3371 580 3437 illa,
596 3389 714 3443 quorum
729 3373 817 3444 primo
837 3374 899 3427 loco
915 3377 1084 3432 mentionem
1099 3377 1162 3442 ieci,
1177 3390 1258 3447 pror-

179 3493 224 3530 rnr
252 3478 393 3542 omittam,
417 3493 472 3540 ne,
498 3475 563 3530 dum
587 3473 729 3530 historiam
753 3477 964 3538 ecclesiaticam
993 3482 1121 3552 ettingc,
1143 3481 1174 3532 in
1201 3482 1256 3534 im-

178 3596 305 3634 menrum
323 3589 461 3637 exererent
480 3595 548 3652 opor
567 3580 622 3633 iem
637 3596 688 3650 per
703 3595 733 3634 re
750 3581 833 3634 nimir
849 3582 985 3652 amplum:
1001 3609 1038 3624 -·
1054 3600 1086 3636 ea
1101 3597 1166 3636 vero
1185 3599 1256 3653 qnae

130 3691 138 3698 ‘
180 3681 293 3739 suidam
304 3698 338 3734 ex
348 3684 410 3737 nliia
421 3681 708 3740 Constantinianarnm
718 3688 870 3758 eclogarum
879 3686 971 3742 titulla
983 3686 1128 3757 rumptlrre
1137 3695 1257 3756 apparet,

180 3801 263 3856 coepe
281 3785 481 3854 emendatiora,
505 3790 618 3844 adiectis
637 3807 695 3844 non
714 3791 784 3845 adeo
805 3791 901 3863 paucio
918 3789 1040 3844 einedem
1055 3791 1172 3862 generis,
1190 3789 1256 3841 enb-

178 3889 258 3942 iunxi
281 3891 408 3964 reliquiis
436 3893 651 3966 nniurcuiuaque
668 3895 826 3964 rcriptorit:
850 3903 941 3948 cetera
963 3909 1038 3946 nunc
1065 3893 1179 3964 quidem
1201 3906 1257 3951 noo

181 3990 309 4061 exhibeo,
328 4011 385 4052 non
403 4003 495 4052 tanen
513 3999 608 4054 utillo
624 3999 836 4072 inperpetuum
852 3995 1008 4067 exclodom,
1024 3997 1075 4060 recl
1093 4013 1126 4056 eo
1144 3997 1256 4060 contio
