2734 4634
287 57 317 107 ἠ
457 132 749 218 mutuatas
1058 126 1126 253 ,³7

46 327 95 367 me
106 306 273 384 historiae,
290 304 441 368 docente
432 318 505 367 item
515 308 666 389 Dexippo,
682 288 799 369 Graeco
814 318 954 387 auctore,
966 314 1131 390 potuenmt

44 408 216 469 emissem:
250 409 306 490 qui
325 407 441 467 etiarnsi
457 406 612 485 breviter,
630 405 669 467 ad
692 407 783 467 fidem
795 418 897 469 tamen
912 409 1014 470 omnia
1027 430 1130 493 persc-

40 511 124 588 qunti
146 520 231 570 sunt.
276 506 402 569 Idem
387 528 422 569 tn
438 451 616 573 Gordianis
631 526 705 592 cap.
730 507 779 569 11.

117 606 221 668 Filius
235 606 404 686 (Gordiani)
429 605 545 689 legatam
570 609 685 688 patris,
716 606 851 689 exemplo
876 607 1070 691 Scipionum,
1092 612 1164 671 ntn.
1175 610 1226 684 tin

37 706 193 787 Dexippus
208 707 344 765 Graecae
362 701 509 766 historiae
538 716 645 767 auctor
669 713 741 787 cst,
774 704 865 789 gladii
894 715 1041 790 potestate
1060 730 1128 769 suc-

36 810 154 867 cincus
176 816 238 869 cst
280 803 372 867 Idem
389 804 506 867 ibidem
524 826 600 889 cap.
621 805 679 872 IX.
759 850 763 861 .

118 907 279 988 Dexippus
300 916 406 987 putat,
425 908 490 966 eius
511 904 608 966 lilium
626 926 691 967 esse
714 904 902 967 Gordianum
915 910 1055 985 tertium,
1075 910 1128 991 qui

37 1016 106 1087 post
131 1006 207 1066 baec
239 1028 311 1067 earm
331 1004 460 1065 Balbino
482 1004 687 1088 etPupieno,
716 1009 781 1067 sive
805 1007 958 1084 Maximo,
985 1008 1130 1089 puerulus

37 1108 166 1187 aleptus
180 1117 229 1167 est
252 1108 426 1187 imperium.
468 1093 562 1165 Idem
581 1104 661 1170 ibid.
678 1124 753 1189 cap.
776 1104 865 1167 XIX.

120 1208 279 1289 Dexippus
298 1216 471 1283 asseverat,
492 1204 609 1300 cxfflio
629 1204 776 1267 Gordiani
793 1208 918 1266 tertium
942 1206 1128 1269 Gordianum

38 1328 99 1367 csse
113 1317 231 1389 natum
272 1303 376 1373 Idem
378 1302 458 1367 istd.
472 1324 547 1388 cap
565 1303 692 1366 XXIII.

115 1409 276 1489 Dexippus
307 1417 338 1465 et
369 1404 541 1463 Arabianus
570 1405 737 1463 Maximum
769 1414 799 1464 et
831 1403 991 1465 Balbinum
1025 1406 1129 1468 dicunt

36 1506 147 1586 electos
175 1516 284 1565 contra
309 1504 506 1589 Maximinum
530 1514 598 1587 post
618 1493 1004 1565 Gordianos.1dcmin
1033 1506 1126 1569 Mox.

37 1618 66 1665 ct
86 1607 185 1669 Balb.
198 1626 273 1688 cap
286 1604 315 1667 I

119 1707 278 1787 Dexippus
303 1706 487 1764 Graecorum
507 1704 636 1786 scriptor
654 1705 821 1765 Maximum
845 1716 875 1765 et
892 1704 1077 1766 Balbinum
1070 1726 1127 1765 nn-

36 1817 193 1886 peratores
215 1804 289 1865 dicit
308 1804 404 1865 factos
422 1814 529 1879 contra
551 1806 749 1864 Maximinum
780 1814 848 1886 post
869 1804 1038 1876 Gordianos
1053 1804 1129 1864 duos
1252 1876 1255 1887 Ι

35 1916 66 1965 et
94 1928 113 1965 a
140 1907 275 1965 Maximo
303 1903 418 1964 victum
447 1905 665 1984 Maximinum,
694 1924 757 1963 non
794 1924 812 1964 a
838 1903 986 1986 Pupieno.
991 1883 1128 1966 ld'Idem
1195 1966 1199 1983 ,

40 2003 118 2070 ibid.
141 2024 217 2089 cap.
241 2001 317 2064 XV.

117 2104 183 2163 Sub
205 2102 254 2163 bis
272 2114 442 2186 pugnatum
463 2125 481 2165 a
510 2105 617 2188 Carpis
638 2115 744 2165 mntra
764 2105 884 2165 Moesos
908 2104 985 2181 fuit,
1007 2114 1037 2164 et
1054 2102 1129 2186 Scy-

37 2204 108 2264 tbiei
138 2203 211 2265 belli
241 2204 426 2285 principium
454 2215 485 2265 ct
510 2204 644 2265 Histriae
674 2202 822 2265 excidium
862 2224 898 2263 eo
919 2214 1074 2284 tempore3
1094 2212 1130 2262 ut

38 2315 140 2365 autem
157 2304 315 2385 Dexippus
333 2303 420 2379 dicit,
439 2302 588 2364 Histricac
606 2305 747 2365 civitatis.
789 2302 944 2383 Dexippus
969 2300 1131 2361 Balbinum

39 2406 110 2465 satis
136 2402 260 2481 laudat,
297 2414 328 2463 et
355 2402 428 2463 dicit
456 2403 528 2463 forti
560 2405 662 2462 animo
682 2400 1015 2581 militibuufficurn‘ssc
1037 2410 1129 2482 atque

38 2502 248 2580 interieemm3
275 2512 312 2562 ut
337 2512 469 2562 mortem
491 2522 555 2561 non
574 2502 632 2561 tim
908 2498 1047 2561 omnihus
1082 2499 1128 2559 di·

39 2604 172 2685 sciplinis
193 2605 373 2664 instructum
387 2600 479 2663 fuisse
500 2600 585 2661 dicit.
662 2602 828 2660 aximinum
846 2618 919 2663 vero
929 2598 1030 2683 negat
1049 2600 1129 2661 eius·

41 2703 122 2762 modi
150 2705 252 2763 virum
284 2702 398 2781 finisse,
414 2700 535 2783 qualem
555 2701 665 2767 Gracci
684 2698 821 2783 plerique
841 2699 990 2769 dixerunt.
1032 2697 1143 2761 Addit·

39 2814 203 2881 praetcrea,
222 2813 330 2863 contra
344 2803 511 2861 blaximum
528 2799 770 2881 Aquileiensium
788 2808 908 2861 tantum
929 2799 1033 2860 odium
1054 2799 1127 2860 lixis·

39 2923 85 2979 se,
105 2915 141 2963 ut
159 2901 200 2964 de
217 2900 354 2962 crinibus
374 2896 535 2962 mulierum
560 2920 682 2959 suarum
698 2899 829 2959 arcubus
848 2920 959 2961 nervos
979 2900 1127 2977 facerent,

39 3012 126 3082 atquc
154 3005 200 3062 ita
221 3004 345 3085 sagittas
372 3001 554 3060 emittcrmt.
603 2999 758 3079 Dexippus
789 3008 819 3059 et
840 2998 1029 3061 Herodianus
1042 3003 1126 3083 ‚qui

41 3099 146 3161 borum
178 3103 351 3183 principum
383 3099 540 3159 historiam
567 3100 741 3178 persequuti
776 3104 863 3177 sunt,
902 3088 1068 3160 Maximum
1097 3108 1127 3157 et

42 3200 197 3260 Balbinum
217 3202 309 3261 fixisse
329 3201 481 3282 principes
508 3197 613 3258 dicunt
627 3196 758 3267 delectos
778 3219 796 3257 a
817 3208 922 3259 senatu
943 3200 1127 3261 contraMa-

42 3302 182 3360 ximinum
203 3312 272 3382 post
291 3302 451 3361 interitum
474 3298 604 3359 duorum
620 3296 874 3357 Gordianorum'
866 3320 898 3357 in
919 3298 1034 3374 Africa,
1055 3318 1125 3358 cum

40 3400 146 3479 quibus
168 3402 261 3461 etiam
280 3420 356 3482 puer
374 3399 484 3460 tertius
504 3397 678 3458 Gordianus
692 3396 815 3457 ‘electus
835 3408 892 3457 est.
913 3410 917 3419 “
936 3394 1027 3459 litem
1046 3396 1124 3464 ibid.

40 3518 106 3583 cap.
129 3497 224 3560 XVI.
681 3521 684 3530 ¹

114 3600 215 3660 Docet
225 3593 402 3680 Dexippus't,l
429 3598 536 3658 Titum
555 3595 714 3659 anunm
726 3598 923 3671 Maurorum,
945 3597 997 3677 qui
1018 3618 1037 3657 a
1055 3598 1124 3657 Ma·

41 3698 146 3757 iimina
176 3700 260 3757 inter
285 3701 420 3778 privatos
432 3696 555 3758 relictus
575 3698 693 3774 luerat,
707 3698 818 3757 timore
832 3692 983 3756 violentae
998 3698 1124 3774 mortis,

42 3797 128 3855 utalii
141 3798 252 3857 dicunt
260 3843 271 3873 ,
292 3799 421 3858 invitum
436 3817 511 3857 vcro
526 3808 556 3857 ct
566 3817 585 3856 a
597 3794 744 3855 militibus
765 3800 913 3872 coactum,
933 3800 969 3855 ut
987 3794 1125 3876 plerique

43 3905 188 3975 asserunt,
225 3896 409 3978 imperasse,
429 3902 521 3978 atquc
544 3895 627 3955 hunc
649 3897 729 3957 intra
748 3914 860 3976 pauens
880 3892 944 3955 dics
965 3900 1035 3975 post
1054 3894 1123 3954 vin·
1201 3938 1208 3947 .

43 3994 167 4067 dimum
190 3993 409 4074 deiectionem,
430 4015 523 4079 quam
540 3994 708 4057 consularis
731 3994 779 4055 vir
803 3994 932 4077 Magnus
958 3991 1123 4057 Maximino
