2734 4634
195 643 573 721 DEDICATIO
617 644 1027 724 HOESCHELII.

464 868 759 882 -q—-n-

195 1083 492 1140 NOBILISSIMO
528 1085 883 1159 tumssmooun
915 1087 1017 1144 vluo

65 1147 1188 1302 ioAuNiuAuuuAuo'

123 1368 403 1442 wncuuno,
433 1365 870 1442 Awncnunuumn
897 1369 1094 1448 nomm,

201 1507 229 1556 S·
255 1505 346 1556 cam.
372 1503 503 1554 ullust.
529 1505 553 1553 A
576 1502 739 1553 CONSILIIS
764 1504 835 1553 lue.
863 1505 1016 1571 AIILICIS,

185 1643 326 1685 DOMINO
345 1643 389 1686 ΕΤ
409 1642 578 1684 ΡΔΤΒΟΠΟ
600 1643 636 1684 Π(
657 1643 776 1684 enum
797 1643 1043 1703 HOROMIIDO,

244 1803 276 1865 S.
298 1803 338 1865 P.
352 1803 393 1865 D.
417 1801 551 1866 DAVID
574 1801 863 1866 HOESCHELIUS
884 1803 986 1867 AUG.

71 2037 312 2150 Constantinus
331 2082 642 2166 Porphyrogenuetu‚
668 2094 703 2143 ut
723 2105 743 2144 a
753 2081 924 2146 Theodosio
935 2087 1089 2170 pmditum
1102 2093 1151 2154 iu-

72 2187 179 2266 venio,
205 2207 272 2247 non
301 2194 459 2246 contentus
488 2204 523 2244 ex
555 2181 696 2246 omnibus
724 2193 874 2245 terrarum
903 2185 986 2248 orbis
1016 2191 1152 2271 partibus

72 2285 165 2347 libros
178 2307 316 2369 quosque
330 2285 461 2367 optimos
474 2303 546 2344 cura
559 2303 675 2344 summa
690 2284 877 2366 conquirere,
898 2285 931 2346 id
942 2289 1032 2347 etiam
1044 2311 1153 2371 operae

73 2385 191 2467 puhlioe
208 2383 295 2447 utiIIs
314 2385 422 2446 navari
441 2383 557 2460 voluit,
578 2393 614 2443 ut
628 2403 798 2463 proremm
809 2383 980 2447 discrimine
994 2399 1152 2452 auctorum

77 2505 264 2566 quorumque
284 2485 396 2565 scn'pta
415 2485 447 2543 in
468 2493 565 2542 certas
585 2479 710 2558 classes,
730 2501 808 2563 quae
827 2481 913 2544 LIII.
934 2483 1072 2562 suerum,
1094 2493 1151 2553 tri-

79 2583 153 2643 buta
179 2593 426 2666 congererentur:
450 2592 484 2642 ut
512 2601 632 2662 quaqua
649 2579 687 2640 de
706 2601 760 2658 re,
782 2581 808 2641 si
827 2591 945 2664 tempus
966 2587 1149 2669 postularet,

77 2681 280 2765 exemplorum
296 2681 476 2768 hypotheses
486 2683 517 2741 iu
531 2690 654 2763 promtu
670 2691 779 2740 essent.
824 2680 948 2742 illarum
962 2687 1061 2766 prima
1077 2681 1153 2770 περὶ

73 2781 228 2860 βασιλέων
249 2776 485 2864 ἀναγορεύσεως
499 2791 574 2858 erat,
594 2779 735 2841 vicesima
747 2779 875 2862 septima
888 2782 962 2862 napi
980 2783 1152 2865 πρέσβεων.

76 2881 269 2956 Cetei-amm,
289 2901 388 2962 neque
403 2880 461 2940 nisi
480 2899 663 2961 paucarum,
685 2890 804 2960 praeter
818 2873 854 2940 τὸ
875 2869 1039 2958 ἐπώνυμον
1057 2885 1152 2945 scitur

74 2979 169 3054 nihil,
191 2981 285 3064 idque
305 3001 340 3040 ex
363 2980 498 3062 margine
522 2978 591 3039 libri
608 2976 791 3060 legationum
808 2977 923 3040 calamo
944 2984 1072 3056 exarati,
1096 2983 1151 3045 ubi

74 3076 167 3140 lector
183 3091 416 3163 argumentum,
438 3078 521 3162 quod
543 3077 616 3140 alias
636 3077 719 3140 aliud
733 3078 889 3160 attingitur
909 3077 1025 3155 obiter,
1049 3079 1151 3161 ζητεῖν

75 3179 196 3241 iubetur
216 3179 251 3242 ἐν
269 3181 313 3264 τῷ
330 3174 405 3260 περὶ
423 3176 576 3258 ἐπιβοῶν,
606 3175 641 3238 ἐν
659 3179 703 3260 τῷ
721 3176 797 3258 περὶ
813 3177 1015 3258 κυνηγεσίας,
1042 3179 1077 3240 ἐν
1104 3179 1151 3266 τῷ

74 3277 150 3358 περὶ
167 3271 447 3361 στρατηγημάτων,
467 3277 530 3338 τῶν
552 3276 714 3358 στρατῶν,
736 3277 769 3337 ἐν
787 3275 831 3361 τῷ
850 3273 924 3359 περὶ
948 3275 1051 3359 νίκης,
1076 3278 1152 3362 περὶ

74 3374 289 3458 δημηγοριῶν,
312 3373 502 3454 ἐπιστολῶν,
534 3375 625 3438 ἐθῶν.
669 3376 736 3436 Hae
769 3376 877 3458 Igitur,
900 3377 1046 3438 iniuriane
1071 3388 1149 3440 tem·

76 3477 156 3556 poris
177 3478 238 3536 sint
256 3477 394 3551 amissae,
416 3497 455 3536 an
468 3474 578 3536 alicubi
589 3485 764 3549 serventur,
789 3474 925 3536 nondum
941 3473 1046 3556 liquet.
1072 3477 1150 3540 Eius

78 3595 173 3650 vero,
204 3597 283 3658 quae
308 3575 347 3636 de
376 3573 481 3657 legatis
509 3577 591 3658 agit,
621 3584 737 3656 postem
762 3573 891 3636 Fulvius
918 3573 1070 3655 Ursinus,
1101 3578 1151 3638 vis·

76 3673 308 3754 praeclaiissime
321 3672 360 3734 de
375 3675 457 3734 omui
475 3675 652 3756 antiquitate
673 3676 818 3750 meritus,
839 3695 948 3756 magno
961 3675 1150 3736 eruditomm

81 3773 227 3855 applausu
256 3785 325 3834 ante
350 3795 445 3834 annos
477 3773 591 3855 aliquot
614 3772 816 3856 quammultos
839 3772 951 3851 edidit3
979 3783 1095 3856 partem
1113 3795 1150 3835 ex

76 3869 260 3934 serenissimi
283 3873 490 3953 Maximiliani,
506 3873 648 3933 Boiorum
672 3872 788 3950 Ducis,
807 3883 839 3933 et
859 3871 898 3933 el.
923 3874 981 3934 viri
1009 3872 1152 3935 Andreae

77 3971 188 4035 Sehotti
207 3970 408 4050 bibliotheca,
425 3995 503 4056 quae
520 3973 633 4034 nemini
648 3995 713 4034 rem
731 3970 883 4055 publicam
899 3977 1002 4034 iuvare
1018 3974 1151 4056 cupienti

78 4093 135 4136 non
156 4083 264 4158 patet,
282 4093 337 4135 nos
357 4075 418 4136 iam
439 4073 633 4158 evulgamus3
654 4071 792 4158 hanoque
807 4071 1052 4157 eouobiliorem,
1068 4071 1152 4158 quod
