2734 4634
232 144 289 231 36
492 166 498 189 “
698 168 856 233 nmium

132 331 219 401 tttls
314 328 486 407 Σονκχαῖοι
505 321 595 397 ἔθνος
612 318 834 406 Manatum,
855 318 899 395 ως
916 319 1073 397 Δέξιππος
1087 317 1261 401 χρονικῶν
1292 317 1353 379 de·

230 424 324 512 aurp.
365 426 546 511 Stephanus
566 426 642 503 Byz.
661 445 732 487 οοο.
753 424 935 503 Σοοκχαϊον.

305 517 451 607 “Hospes
470 519 629 587 Σκυθικόν
648 517 757 602 ἔθνος,
791 517 867 605 περὶ
895 508 940 583 ὧν
961 516 1164 597 Δέξιππος’
1148 540 1183 579 εν
1202 536 1354 600 χαον-ιι

231 624 295 688 asia
314 617 367 704 ιβ’.
406 622 499 686 Idem
516 643 586 686 aaa.
599 612 757 704 “Movpou
776 642 833 683 nee
854 642 918 685 αοα
935 620 1041 698 Etym
1059 620 1107 680 M.

313 720 513 798 Adgcnuoc’
496 743 532 785 εν
549 721 686 806 χρονικῷ
706 714 827 805 δεκάτῳ
847 715 966 803 γράφει
986 708 1088 779 ον’τω·
1125 711 1182 777 καί
1204 714 1355 777 Muses-s

232 817 330 886 δὸνων
359 816 546 899 Eridanum
576 820 610 895 ἐς
637 811 769 901 ὕστερον
795 809 984 903 Δοῤῥάχιον
1016 815 1355 895 μετονομασθεῖσαν,

231 917 325 985 πόλιν
345 921 400 1001 τῆς
420 917 626 992 Μακεδονίας
644 916 782 1001 μεγάλην
797 913 852 979 καὶ
870 909 1126 996 εὐδαιμονοῦντα,
1147 908 1234 977 κατὰ
1247 906 1351 999 :xpri-

231 1040 284 1095 τος
303 1014 467 1103 αἱροῦσιν.
509 1018 800 1104 Porphyrogenitus
819 1018 915 1081 tlem-
934 1018 981 1082 11.
996 1036 1027 1101 9.
1355 1032 1356 1035 ’

303 1163 329 1216 A
346 1158 482 1229 αἴρουσιν
498 1158 541 1211 ed

303 1282 686 1357 Succhaeipopulusblaurus‚
694 1267 1349 1367 οοῦοιῇραοοἰοοοοοοῖοοοαιοὶἰοτοᾱεοίιιιο

302 1356 648 1427 Heinrigensscythxca
666 1354 819 1431 dequibus
836 1354 976 1426 Dexippus
995 1354 1158 1408 duodecimo
1175 1353 1349 1407 chronico·

233 1445 293 1483 m
302 1426 660 1568 Diglibpustchronteomm
679 1494 752 1549 libro
771 1493 875 1548 decimo
894 1497 933 1549 ita
951 1495 1061 1549 scribit:
1081 1496 1117 1549 Et
1136 1494 1347 1549 Macedonum

232 1567 431 1655 Epidamnum,
449 1585 520 1639 quae
538 1575 634 1638 postea
651 1565 831 1634 Dyrrachium
849 1566 985 1620 nominata
1003 1574 1059 1633 est,
1077 1566 1173 1621 urbem
1192 1566 1347 1620 Macedo-

233 1642 298 1694 niae
316 1652 445 1708 magnam
462 1646 546 1711 atque
563 1637 721 1710 opulentam
738 1636 766 1689 vi
783 1638 902 1706 eupiunt.

686 1828 871 1845 *nu-

318 2030 474 2114 Dexippus
490 2030 564 2092 dicit
577 2050 702 2091 uxorem
730 2050 799 2091 eum
825 2025 1065 2104 (Alexandrum
1085 2026 1262 2101 Seuerum)
1284 2047 1343 2087 cu-

235 2128 355 2191 iusdam
370 2132 513 2191 Martiani
535 2129 627 2191 filium
654 2129 792 2209 duxisse,
823 2128 1013 2211 eundemque
1046 2126 1086 2188 ab
1106 2148 1143 2187 eo
1164 2126 1344 2187 Caesarem

204 2292 210 2307 .
234 2242 463 2313 nuncupatim:
491 2251 598 2291 verum
613 2251 709 2312 quum
732 2228 823 2293 vellet
839 2229 955 2290 insidiis
967 2226 1102 2289 occidere
1117 2226 1345 2288 Alexandrum

235 2329 429 2409 Martianus,
455 2328 572 2391 ddeeta
593 2329 740 2407 medone,
762 2338 792 2389 et
811 2331 911 2410 ipsum
935 2331 1127 2388 interemtum
1149 2336 1180 2386 et
1199 2346 1343 2387 uxorem

237 2428 397 2489 abiectam.
441 2429 534 2522 ldeq
553 2429 626 2490 dicit
653 2430 744 2491 fuisse
773 2440 916 2511 patruum
931 2426 1123 2488 Antoninum
1141 2424 1343 2507 Heliogaba-

237 2524 303 2587 lum
318 2526 483 2588 Alexandri
493 2546 584 2604 ,non
598 2531 711 2589 sororis
732 2531 834 2589 uxoris
858 2526 991 2589 eiusdem
1022 2524 1130 2589 filium.
1171 2524 1342 2611 Lampri-

209 2626 214 2637 '
236 2624 338 2685 dius
324 2646 359 2685 ια
372 2623 564 2688 Alexandro
585 2626 707 2688 Severo
729 2647 803 2710 cup
794 2624 936 2687 ..XLIX

319 2722 416 2784 Addit
427 2724 599 2807 Dexippus,
612 2736 732 2786 tantum
749 2724 852 2786 odium
868 2726 959 2789 fuisse
977 2726 1150 2804 Maximini,
1166 2736 1213 2803 ut,
1232 2726 1341 2786 inter-

235 2820 525 2907 fectisssorxlianis,
541 2826 650 2906 viginti
666 2826 749 2886 viros
763 2837 883 2887 senatus
903 2828 1070 2904 creaverit,
1091 2846 1168 2908 quos
1188 2846 1340 2907 oppone-

223 2913 285 2981 ¹ret
304 2922 487 2983 Maximino:
522 2922 668 3005 equibus
702 2924 824 2985 bierunt
850 2916 994 2986 B'ulbinus
1017 2934 1047 2985 et
1066 2925 1233 3005 Maximus,
1251 2948 1339 3008 quos

158 3095 174 3124 .
237 3031 344 3081 eontra
357 3042 427 3081 eum
441 3024 593 3105 principes
608 3023 752 3087 fecerunt.
793 3024 877 3087 ldem
888 3023 989 3102 addit,
1011 3026 1043 3084 in
1069 3035 1232 3105 eonspeetu
1260 3028 1339 3085 Ma-

237 3121 342 3181 ximim
361 3124 421 3180 iam
445 3122 591 3182 desani-a
616 3122 763 3183 militibus
784 3121 952 3183 Anolinum
969 3124 1152 3205 praelectum
1171 3126 1337 3205 praetorio

235 3221 331 3304 ipsius
345 3230 376 3281 et
390 3220 485 3281 filium
498 3224 562 3283 eius
582 3224 726 3283 occisum.
770 3220 969 3305 Capitulinus
988 3224 1023 3285 in
1037 3222 1222 3286 Maximino
1245 3223 1339 3285 iuni·

236 3340 294 3382 are
310 3318 458 3403 cap.V1.

322 3404 480 3501 Dexippus
499 3429 529 3479 et
553 3418 703 3482 Arrianus
728 3431 758 3483 et
783 3420 872 3483 muti
899 3420 950 3483 alii
985 3422 1092 3483 Graeci
1120 3404 1336 3502 seripserunt,

239 3516 407 3582 Maximum
421 3529 452 3580 et
472 3518 634 3581 Balbinum
651 3524 847 3603 imperatores
866 3532 971 3584 coutm
989 3524 1187 3585 Maximinum
1209 3522 1335 3589 factos:

62 3655 73 3677 i
188 3619 200 3668 ·'
239 3618 407 3679 Maximum
436 3630 538 3680 autem
569 3640 639 3681 cum
674 3622 804 3682 exercitu
824 3622 949 3683 missum
975 3632 1005 3682 et
1036 3622 1116 3705 apud
1148 3623 1336 3686 Ravennam

239 3714 354 3777 bellum
382 3736 524 3797 parasse,
548 3718 721 3799 Aquileiam
743 3730 844 3781 autem
868 3723 926 3782 nisi
950 3722 1099 3783 victorem
1121 3744 1183 3785 non
1202 3724 1336 3789 vidisse.

238 3812 331 3879 Idem
345 3812 463 3877 ibidem
476 3836 550 3903 cap.
567 3816 647 3881 VII.

323 3914 470 3975 Gordiani
486 3935 566 3995 non,
586 3929 622 3979 ut
645 3918 770 4002 quidam
792 3922 923 4003 imperiti
957 3922 1118 4005 scriptores
1142 3922 1335 4005 loquuntur,

241 4011 320 4095 duo,
340 4012 392 4074 sed
412 4022 474 4075 uas
488 4013 627 4097 fuerunu
649 4017 742 4101 idque
761 4018 887 4083 docente
906 4017 1049 4102 Arriano,
1069 4024 1216 4105 scriptore
1231 4026 1335 4087 Grae·
