2734 4634
287 65 378 158 520¹
724 84 926 152 ratscttnr

283 251 327 312 Et
346 251 458 309 Itomae
480 265 582 307 caecos
602 242 761 333 rapiendas
779 245 869 314 traxit
891 242 931 302 ad
944 264 1048 319 arces,

285 347 426 408 Vindicta
445 358 479 407 ut
496 353 620 428 percant
642 342 765 421 merita,
788 341 946 423 lucemque
962 341 1151 424 relinquant.

288 449 400 508 Tristia
420 467 491 506 narn
507 465 610 506 rursus
625 445 778 524 cupientes
801 442 912 502 damna
934 442 1057 518 referre,

287 547 329 608 Et
346 548 440 606 Latiis
463 543 558 604 multo
577 543 677 623 regnis
691 542 796 624 peiora
815 543 980 616 minantes,

288 645 439 726 Principis
456 643 557 703 invicti
571 642 641 703 felix
663 645 810 702 exercitus
822 642 931 716 armis,

288 745 497 824 Ductoresque
521 743 579 802 fide
600 764 657 804 nec
677 763 740 802 non
763 741 877 801 virtute
894 750 1043 821 potentes,

291 843 441 902 Omnibus
458 841 602 902 adficiunt
622 861 723 902 caesos
736 839 939 922 profugosque
959 840 1072 916 ruinis,

291 943 367 1006 Cum
388 940 516 1002 ducibus
543 940 661 1002 sceleris
682 939 862 1002 ducentibus
878 938 1014 1021 improba
1033 942 1132 1023 sigua.

373 1041 417 1104 Ut
435 1040 502 1119 leo,
520 1041 572 1124 qui
590 1062 720 1124 regnans
733 1039 808 1101 silva
823 1040 996 1101 dominatur
1015 1042 1047 1100 in
1066 1038 1155 1118 alta,

289 1144 351 1206 Per
372 1141 487 1223 Libyae
510 1140 620 1217 saltus,
643 1142 700 1201 nisi
719 1137 830 1200 nobilis
853 1141 900 1200 ira
920 1139 1059 1212 lacessat,

293 1243 364 1303 Non
386 1252 488 1302 movet
509 1262 610 1314 arma,
634 1261 703 1302 suas
722 1239 857 1302 stimulat
869 1261 925 1300 nec
945 1241 1068 1302 verbere
1087 1240 1195 1317 vires3

294 1341 337 1400 At
355 1342 380 1400 si
393 1350 580 1400 commoveat
600 1338 734 1418 clamor,
757 1341 782 1400 si
805 1339 896 1400 turba
915 1333 1068 1416 coronae,

296 1441 434 1500 lnsremit
449 1439 656 1518 horrendum3
677 1439 768 1521 simul
791 1452 820 1500 et
839 1440 981 1502 distendit
993 1441 1093 1500 hiatus

295 1534 471 1622 sanguineis
487 1551 630 1622 torquens
641 1540 779 1600 ardentia
802 1539 917 1600 lumina
934 1538 1082 1616 flammis,

294 1640 336 1700 Et
358 1640 420 1698 ruit
440 1640 472 1698 in
492 1639 642 1732 median,
666 1650 858 1720 prosternens
879 1660 964 1700 arma
983 1641 1155 1720 virosque;

294 1737 359 1798 Nec
380 1741 426 1799 vis
447 1736 509 1798 ulla
529 1748 627 1819 potest
650 1741 784 1814 venienti
814 1739 958 1800 obsistere
978 1749 1108 1815 oontra,;

295 1837 428 1918 Impetus
447 1837 502 1898 hos
526 1837 657 1920 frangit,
678 1837 782 1919 pulsos
804 1838 861 1900 bos
878 1840 981 1901 emerit
1001 1839 1133 1920 unguis,

295 1936 373 1997 Pars
395 1935 524 1998 lacerata
544 1938 642 1999 iacent
656 1937 770 1998 inimici
796 1938 935 1998 dentibus
955 1939 1039 2013 oris,;

297 2035 361 2094 Hos
384 2045 480 2096 metus
497 2039 646 2097 exanimat
660 2048 820 2118 pereuntes
840 2035 965 2106 vulneoe
980 2036 1088 2106 nullo:
1161 2091 1166 2103 .

295 2133 421 2195 Viribus
439 2135 593 2218 Angustus
612 2137 653 2196 sic
671 2157 776 2212 saeros
795 2137 922 2219 perculit
940 2137 1045 2208 hostes
1061 2181 1071 2214 ,

296 2233 358 2298 Per
379 2236 477 2296 varios
496 2247 631 2318 sternens
646 2258 732 2297 casus
750 2258 813 2300 non
830 2236 922 2297 sanda
935 2237 1076 2301 furentes.

298 2336 424 2394 Graecia
445 2334 505 2400 iarn
520 2345 618 2396 taceat
632 2336 746 2397 iactans
764 2335 839 2396 mihi
855 2334 1129 2418 Bellerophonten,

232 2485 233 2490 ,
298 2435 360 2510 Qui
374 2436 447 2493 vicit
468 2433 620 2516 Solymos,
640 2447 677 2496 ut
698 2458 802 2500 rursus
824 2433 906 2496 bella
921 2446 1090 2498 moverent.

297 2531 342 2594 At
361 2530 451 2594 semel
471 2533 527 2593 hos
548 2533 691 2596 dominus
716 2546 818 2598 noster
840 2534 980 2596 felicibus
1000 2537 1091 2599 armis

201 2693 204 2702 ,
298 2631 347 2691 Sic
364 2632 501 2708 domuit,
526 2643 593 2714 post
613 2634 689 2694 haec
711 2656 751 2694 ne
770 2636 884 2715 possint
896 2655 961 2695 esre
977 2633 1126 2716 rebelles5

298 2731 389 2810 Quod
404 2752 459 2790 nec
475 2731 636 2792 ductorum
650 2733 797 2799 Servilius
812 2736 944 2815 optimus
959 2733 1050 2808 olim,

297 2829 360 2890 Pro
382 2831 489 2890 merito
504 2829 629 2890 laudum
650 2835 699 2892 cui
720 2854 831 2893 nomen
851 2834 999 2899 isauricus
1015 2833 1070 2895 illo

298 2931 397 2989 Marte
415 2929 519 2990 datum
544 2930 661 3008 fuerat,
683 2933 782 3014 potuit
799 2944 951 3015 praestare
976 2933 1102 2996 Latinis

381 3025 452 3087 Nou
478 3027 546 3092 illos
564 3052 698 3110 aurum,
722 3053 785 3091 non
804 3034 871 3108 vis,
890 3052 953 3097 uon
972 3034 1057 3113 eopia
1084 3032 1185 3115 ferri,

300 3125 363 3188 Nec
384 3126 506 3188 castella
526 3130 649 3212 quidem
671 3131 839 3212 praeruptis
862 3131 958 3192 ardua
974 3135 1073 3212 saxis,

299 3227 329 3288 N
332 3248 367 3288 ec
382 3237 482 3288 tantae
498 3229 606 3290 validis
626 3231 760 3290 munitae
780 3232 939 3293 moenibus
957 3229 1067 3310 urbes,

300 3329 437 3406 Quantas
454 3349 514 3387 non
530 3326 611 3388 ullus
629 3332 782 3390 victorum
801 3342 920 3412 ceperat
937 3342 1029 3406 autc,
1053 3400 1059 3406 K

297 3427 404 3502 Exitiis
423 3431 544 3509 rapiunt
564 3427 663 3512 dignis
689 3440 720 3490 et
737 3433 882 3512 principis
906 3435 963 3506 ira.

298 3527 342 3588 Et
361 3529 414 3609 qui
434 3547 487 3609 spe
510 3526 588 3588 fluxa
610 3527 747 3591 frustrati
769 3542 877 3590 cuncta
893 3531 1057 3606 tenebant,

301 3623 355 3688 Nil
377 3629 448 3687 satis
466 3649 528 3688 esse
549 3625 606 3687 sibi
627 3626 782 3689 credentes
805 3628 866 3690 tela
885 3631 1059 3710 movendo,

301 3721 448 3792 Cautibus
463 3727 595 3807 angustis
616 3726 751 3802 conclusi
771 3729 832 3789 sata
854 3728 1014 3790 trubfflmt

301 3821 500 3903 Peioremqne
525 3825 634 3885 samem
654 3825 769 3901 crudeli
790 3840 887 3890 morte
908 3827 1065 3908 tulerunt,

371 3940 414 4005 Gi.
434 3940 626 4013 Dicetur-esque
647 3941 705 4002 cod.
