2734 4634
185 96 193 110 ’
251 124 338 216 256
687 60 895 222 monuero

110 316 239 390 λαληρ
247 313 304 375 καὶ
331 302 456 390 ἄλλοις,
483 304 620 384 ὁπόσους
650 301 691 373 ὃν
717 309 867 392 βασιλεδς
900 307 1088 400 α’ποστειλη,
1121 307 1197 390 τινάς
1232 313 1329 402 ἔντη·

117 386 360 515 Ζθέζῒξθρηὶκη
390 411 422 476 Γ
420 406 536 484 ότθοος
562 405 736 480 ἀναλώσειν
765 404 907 486 ἅπαντας
913 461 924 492 ,
959 412 1013 498 ἐφ’
1040 401 1068 499 ᾧ
1096 435 1130 478 τε
1142 463 1152 494 ,
1182 415 1214 479 εἰ
1235 417 1328 478 τοῦτο

209 499 239 584 ⁴1)
246 511 392 595 ποιήσοι,
412 505 510 572 ον’τόν
529 531 563 572 τε
583 506 656 574 α’ντδ
677 507 872 594 Θενδερίχον
891 499 1062 596 στρατηγάν
1081 515 1248 594 γενέσθαι,
1277 513 1331 576 καλ

244 612 449 693 εἰσδεχθῆναι
469 609 514 684 εἰς
534 605 593 692 τήν
612 604 705 672 πόλιν
723 601 778 672 τὸν
804 605 979 690 Ῥωμαϊκὸν
1007 606 1235 676 νιολιτεάσοντα
1255 609 1328 696 τρά-

244 732 321 778 πον·
341 711 462 790 ἕτοιμος
482 709 538 787 δὲ,
558 709 590 770 εἰ
606 704 792 792 προστάξειε
812 705 979 789 βασιλεῦς,
1000 707 1058 773 κατ’
1075 711 1121 786 εἰς
1140 711 1346 790 Δαλματιλινό

245 807 404 889 ἀπελθεῖν,
425 802 468 882 αἷς
476 809 615 872 Νέπωτα
634 801 785 883 κατάξων.
822 801 1030 888 Ἀδαμάντιος
1052 805 1088 872 de
1110 802 1167 870 οάκ
1189 805 1253 895 ἔφη
1277 808 1332 874 κά·

245 930 324 993 ριος,
340 900 423 971 εἶναι
457 900 551 971 οὐδὲν
578 899 666 992 αάτῷ
686 907 861 970 συνθέσθαι
881 907 1007 988 μένοντι
1027 909 1061 972 ἐν
1081 907 1121 992 τῇ
1139 903 1251 996 χώρᾳ,
1274 903 1333 972 ἆλ-

243 1004 285 1070 λοὶ
307 1007 373 1071 δεῖν
402 1008 536 1088 βασιλέα
564 1006 688 1089 πρῶτον
718 1001 930 1088 περὶτούτων
957 1005 1138 1071 πείθεσθαι.
1190 1005 1332 1072 οἶνοάσειν

245 1096 303 1171 οὖν
326 1107 451 1193 ε’κειθηι,
481 1102 539 1168 καὶ
566 1099 662 1178 αιῖτὸς
694 1101 872 1185 ἐπιμενεῖν,
902 1106 961 1178 ἓως
981 1100 1040 1186 τήν
1060 1107 1120 1170 τοῦ
1139 1109 1332 1191 κρατοῦντος

243 1205 440 1288 διαπάθηται
465 1200 602 1287 γνάμην.
642 1203 698 1266 tut
726 1198 851 1277 τούτοις
880 1200 1071 1286 διελύθησαν
1097 1204 1150 1268 ἀπ’
1171 1197 1363 1288 οἷλλήλων.ιι’

241 1306 278 1370 ἐν
298 1297 361 1393 ὅσῳ
380 1303 416 1367 δὲ
437 1299 646 1384 Ἀδαμάντιος
659 1300 748 1388 ἀμφὶ
762 1303 859 1366 ταῦτα
877 1293 926 1386 ήν,
950 1301 1156 1387 συνεληλύθει
1168 1306 1230 1384 μὲν
1254 1310 1333 1367 πολ·
1362 1313 1363 1376 j

239 1402 282 1469 λά
296 1405 361 1468 τῶν
379 1400 546 1486 ταγμάτων
566 1403 612 1476 εἰς
631 1396 692 1486 τήν
705 1398 874 1485 Λνχνηδὸν
895 1396 976 1465 κατά
998 1397 1056 1485 τήν
1075 1403 1133 1467 aod
1151 1405 1333 1488 στρατηγοῦ

76 1565 81 1574 ,
163 1503 403 1587 aestimemur,
425 1502 508 1585 λέγει
526 1502 562 1566 δέ
580 1524 627 1576 τις
647 1501 693 1588 τῷ
711 1500 898 1588 Σαβινιανῷ,
926 1498 969 1576 ὥς
990 1495 1019 1562 οἱ
1043 1497 1203 1586 βάρβαροι
1231 1527 1333 1566 κατα-
1362 1565 1363 1586 p

237 1600 456 1690 ,φρονήσαντες
473 1603 676 1685 σχολαίτερον
704 1601 849 1664 κατιάσιν
878 1593 940 1662 άπὸ
967 1599 1022 1684 τής
1043 1602 1277 1684 Κανδαβειλος,
1304 1599 1335 1664 οἳ
1362 1595 1363 1654 i

238 1724 275 1766 τε
300 1697 493 1786 σκευοφόροι
511 1699 619 1764 αὐτῶν
638 1701 696 1764 κατ’
713 1703 775 1764 τοῖν
796 1699 923 1780 ἁμαξῶν
944 1696 978 1762 αἱ
999 1701 1126 1774 αλείονς
1145 1701 1202 1764 καί
1223 1699 1254 1764 οἱ
1277 1693 1363 1848 ἐπίιή

239 1802 298 1883 τῆς
317 1799 487 1884 ον’ραγίας,
508 1799 543 1863 ἕν
565 1792 613 1873 οἷς
631 1795 688 1862 καί
701 1798 938 1879 Θεαδίμοννδος
958 1791 997 1882 ήν
1018 1799 1035 1862 ὅ
1056 1798 1113 1862 τοῦ
1128 1799 1331 1882 Θενδερίχον

239 1894 397 1985 ἀδελφάς,
426 1899 483 1961 καὶ
509 1891 530 1980 ή
561 1894 664 1982 μήτηρ
692 1895 712 1980 ή
732 1893 855 1962 τούτων
863 1947 875 1979 ,
903 1897 959 1961 καί
978 1890 1030 1962 ὅτι
1050 1895 1133 1962 ἔστιν
1152 1897 1245 1974 ε’λπίς
1264 1901 1332 1962 τῶν

238 1992 392 2077 πλειόνων
410 1991 585 2080 κρατήσειν.
628 1993 646 2058 δ
667 1995 703 2058 δὲ
723 1993 804 2077 τό,τε
830 1989 957 2064 ἱππικὸν
973 2001 1049 2078 μεθ’
1069 1993 1188 2060 ἑαυτοῦ
1207 1997 1333 2060 συντά-

149 2107 167 2119 ”
240 2095 297 2171 ξας
329 2093 387 2160 καί
410 2091 526 2174 πεζοάς
548 2089 606 2159 oda
634 2092 759 2178 δλάγονς
779 2093 880 2184 κύκλῳ
902 2093 956 2160 διά
980 2098 1043 2160 τοῖν
1068 2094 1150 2182 δρῶν
1170 2097 1332 2180 περιπέμ-

239 2210 308 2276 ψας
337 2195 394 2259 καί
419 2189 580 2278 προειπών
601 2191 697 2258 ὁπότε
720 2196 773 2258 δεῖ
787 2197 843 2258 καί
862 2193 961 2260 πόθεν
982 2197 1169 2283 ἐκφανῆναι,
1195 2193 1331 2278 δειπνή-

239 2317 301 2370 σας
320 2293 379 2360 καί
397 2286 566 2377 ἆναλαβάν
585 2290 621 2358 τδ
651 2291 830 2380 στράτευμα
859 2295 916 2380 ἀφ’
937 2289 1074 2380 ἑσπέρας
1100 2288 1232 2380 ἐχώρει.
1274 2297 1334 2360 κατ’

211 2391 379 2481 Βάματή
398 2395 501 2482 ήμέρφ
530 2395 640 2469 ον’τοῖς
668 2395 843 2459 aureatam
870 2386 931 2480 ήδη
951 2396 1186 2481 πορευομένοις.
1232 2398 1293 2460 καί
1314 2391 1332 2458 ὅ

237 2495 299 2575 μὲν
314 2494 547 2575 Θεοδᾲιοννδος
567 2491 624 2557 καί
642 2488 663 2576 ή
682 2493 784 2579 μήτηρ
808 2487 928 2575 αὐτοῦ,
950 2489 994 2570 ιδς
1013 2488 1097 2559 εἶδον
1115 2490 1173 2578 τήν
1196 2489 1333 2580 ἔφοδον,

302 2636 328 2691 8.
346 2637 495 2688 πυθέσθαι
510 2635 654 2689 canivet
706 2636 745 2704 ud.
764 2634 940 2706 Κανδαβτλας
956 2636 1032 2702 vau,
1048 2633 1237 2708 Κανδαμελας
1255 2637 1332 2708 vulg.

237 2761 366 2806 naturum
413 2753 528 2806 oliiceri.
563 2753 683 2825 Quaeri
706 2765 847 2810 exsecutus
873 2757 972 2820 suerit,
999 2766 1109 2830 petere,
1135 2765 1168 2808 ut
1185 2755 1247 2808 dux
1264 2757 1330 2809 ioco

238 2771 424 2876 Theodericssi
443 2833 563 2888 creetur,
590 2834 618 2877 et
643 2826 752 2880 civitate
771 2828 888 2880 donetur
907 2829 1133 2881 cenomanorum
1159 2845 1240 2880 more
1267 2843 1334 2878 rena

236 2894 376 2964 publicam
395 2894 448 2947 eibi
469 2895 657 2950 administrare
680 2898 771 2951 liceat.
807 2899 862 2950 imo
881 2899 904 2948 ai
923 2901 1073 2968 Imperator
1090 2899 1218 2961 iusserit,
1245 2915 1333 2968 para-

236 2972 295 3016 tum
314 2981 372 3016 esse
391 2967 465 3019 etin
483 2967 645 3020 Dalmatiam
663 2967 719 3032 ire,
737 2975 767 3020 ut
784 2969 849 3020 inde
865 2969 999 3039 Nepotem
1015 2970 1143 3040 expellat
1180 2968 1336 3020 Adaman-

236 3037 291 3087 tiue
306 3037 456 3104 respoudit,
476 3053 533 3089 non
552 3038 605 3089 ribi
626 3039 783 3091 mandatum
798 3041 945 3110 quiequam
964 3055 1024 3091 cum
1038 3041 1087 3092 illo
1098 3039 1213 3108 paciaci,
1228 3055 1334 3109 ηοιιει-

237 3105 286 3156 diu
305 3105 334 3158 in
353 3122 384 3157 ea
408 3108 518 3175 regione
535 3117 671 3172 maneret;
698 3109 859 3180 Imperatori
883 3109 950 3162 haec
975 3112 1068 3162 omnia
1089 3127 1147 3162 ease
1167 3109 1333 3180 probanda.

235 3173 328 3245 Quare
348 3192 377 3228 ae
396 3177 439 3227 illi
456 3177 523 3230 haec
540 3179 689 3230 relatorum
709 3187 737 3232 et
753 3189 970 3250 exspectaturum
989 3193 1061 3245 ease,
1080 3179 1145 3234 dnm
1172 3181 1234 3232 eina
1257 3195 1338 3230 aen·
1362 3203 1363 3228 ι

233 3248 348 3299 tentiam
359 3249 528 3315 compererit.
546 3249 610 3301 Post
626 3248 693 3302 haec
710 3249 898 3302 discesserunt
925 3253 1030 3304 interea
1041 3253 1105 3304 dum
1123 3251 1193 3304 haec
1209 3251 1336 3320 gerebat

234 3317 429 3381 Adamantius,
440 3319 591 3387 complures
607 3320 708 3374 militer
720 3319 889 3389 Lychnidum
901 3322 937 3372 ad
953 3321 1070 3374 edictum
1087 3321 1165 3372 ducis
1184 3337 1336 3372 convene·

235 3396 310 3450 rant,
330 3395 357 3438 et
377 3387 411 3439 ad
431 3386 546 3441 officium
565 3389 711 3444 redierant
747 3392 812 3462 Quo
832 3401 953 3461 tempore
971 3391 1063 3445 nescio
1083 3395 1146 3464 quia
1166 3391 1336 3444 Sabiniano

235 3458 390 3521 nuntiavit,
414 3457 543 3512 barbaros
567 3477 674 3513 securos
702 3463 791 3513 eoluto
815 3464 922 3532 agmine
943 3479 958 3512 a
978 3461 1116 3514 Candavia
1134 3461 1336 3522 deeeendere,

235 3543 296 3577 cum
321 3528 364 3578 his
382 3528 578 3598 impedimenta
596 3539 625 3582 et
644 3532 789 3602 pterosque
814 3549 922 3594 currus,
947 3539 975 3584 et
1003 3543 1153 3586 extremum
1182 3533 1337 3584 exereitus

234 3611 340 3663 agmen,
364 3598 392 3650 in
412 3615 466 3670 quo
485 3599 730 3665 Theudemundus,
757 3601 940 3655 Theoderichi
959 3603 1052 3666 frater,
1071 3612 1099 3655 et
1117 3611 1205 3655 mater
1223 3619 1340 3654 eornn

237 3676 398 3718 versaretur.
434 3670 515 3740 Spem
543 3689 600 3724 esse
624 3671 721 3724 horum
745 3675 861 3724 maxima
884 3681 961 3742 parte
978 3674 1116 3744 potiundi.
1153 3671 1339 3725 Sabinianus

233 3735 357 3805 equites,
377 3756 444 3810 qum
463 3739 592 3804 habebat,
611 3752 684 3794 certo
709 3743 768 3794 loco
793 3741 944 3812 disposuit,
969 3753 998 3796 et
1015 3744 1122 3814 pedites
1141 3759 1198 3795 non
1217 3759 1339 3812 pancos

231 3821 281 3875 per
302 3814 430 3871 montem,
450 3830 530 3881 quem
559 3813 752 3865 circumeundo
778 3821 952 3884 superarent,
971 3817 1098 3878 immisit,
1117 3823 1188 3874 tum,
1206 3815 1340 3884 quando

233 3885 261 3926 et
280 3874 329 3925 ubi
347 3892 477 3943 apparere
496 3891 650 3950 oporteret,
678 3884 860 3952 praemonuit.
898 3887 1129 3947 occaecaverat,
1157 3901 1218 3936 cum
1237 3899 1341 3935 exer-

232 3947 288 3996 citu
307 3963 355 3997 auo
374 3947 424 3998 sub
441 3967 581 4020 vesperam
600 3961 700 4016 movet,
720 3963 748 4006 et
765 3957 852 4024 prima
873 3955 934 4008 luce
952 3955 1073 4008 hortium
1089 3971 1186 4025 agmen
1202 3955 1344 4007 ina-adit

232 4014 467 4072 Theudemundua
486 4029 578 4079 autem
603 4031 631 4079 et
649 4025 707 4077 eiua
725 4033 829 4090 rnater,
860 4027 986 4081 urinae
1005 4027 1139 4098 impetum
1160 4027 1219 4078 fieri
1236 4026 1344 4080 vide.
