2734 4634
339 164 605 234 nummum
632 164 837 232 nuruum.
1037 134 1121 253 367

40 323 132 408 δίκην
161 311 301 408 ἄτρυτον
324 313 428 402 εἶναι,
457 323 716 408 προυργιαίτερον
738 319 816 387 ἔθου
843 315 992 406 σώφρονα
1013 322 1259 405 reati-Amor

40 428 122 487 σθαι
142 417 292 502 λογισμὸν
312 412 334 503 ἢ
352 429 447 505 χεῖρα
467 421 612 505 δυνατήν.
643 421 809 504 τοιγαροῦν
830 418 968 504 ἐποιήσω
988 417 1045 506 τήν
1066 407 1269 533 uainffidiiffw

39 515 178 603 σῖνῦγκην
188 513 335 602 α’νιίγκην,
356 521 412 584 καί
422 521 464 606 τῷ
475 517 604 608 γενναίφ
616 521 671 603 τῆς
680 519 960 604 μεγαλοφροσύνης
970 521 1118 607 έφηφίσω
1129 549 1147 600 Β

38 617 120 684 κατὰ
136 619 267 700 σαυτοῦ,
279 615 336 681 καί
345 620 433 707 νικρῖν
453 618 589 702 ἠξίωσας
604 614 772 702 ἡττημένος
788 619 845 682 τοῦ
864 620 1057 701 πρέποντος,
1068 623 1124 686 καί

20 715 148 794 ὄῦπλῶς
169 717 421 801 απεκατέστησας
442 716 519 802 ήμῖν
539 715 687 801 Λαζικήν
707 711 812 803 ὥσπερ
834 714 944 784 οἰκεῖόν
964 743 996 784 τι
1018 722 1122 801 κτῆμα

38 813 191 899 μεταθείς
211 812 267 880 καί
284 814 340 901 τήν
362 815 508 895 ἐξουσίαν
528 813 713 900 μεταγαγών
734 816 787 903 ἐφ’
807 815 900 901 ἡμᾶς.
944 815 1000 882 οῦκ
1019 809 1122 896 ἄλλως

40 919 79 981 δὲ
111 916 167 981 καί
193 911 268 999 περί
286 918 440 992 Σουανίας
460 915 709 998 ἀντιβολοῦμεν,
738 912 775 980 τῦ
797 917 910 980 σίκεϊον
931 923 1046 1000 προῖκα
1064 922 1122 980 λα·

40 1020 127 1099 βεῖν·
155 1016 210 1078 καί
223 1012 330 1099 ,χάριν
350 1015 386 1080 δέ
408 1009 610 1099 ὁμολογήσειν
629 1013 714 1099 ἡμᾶς
728 1013 823 1098 ῦμῖν,
858 1014 902 1101 τῷ
920 1011 965 1099 μή
986 1015 1122 1100 ἐζημιοῦ-

4 1207 122 1278 ισιῦστε
142 1213 316 1295 δωρεῖσθαι
336 1213 439 1277 δοκεῖν
460 1212 517 1278 καί
533 1211 569 1278 τῦ
588 1211 635 1298 μή
656 1212 837 1300 ῦμέτερον.”
857 1215 913 1278 καί
931 1211 950 1277 ὅ
970 1212 1122 1297 βασιλεῦς

39 1309 142 1390 ἔλεξεν
162 1303 241 1376 ὧδε·
283 1303 391 1395 ,,οῦττο
412 1308 492 1396 δῆτα
514 1311 624 1396 ψυχήν
645 1311 745 1396 λόγων
762 1310 963 1398 χηρεύουσαν
985 1311 1121 1378 καὶτοῦ

38 1412 162 1474 πείθειν
180 1407 297 1495 ἔρημον
317 1407 457 1496 εῦροῦσα
475 1406 495 1496 ἦ
511 1415 567 1496 τῆς
583 1415 699 1498 σοφίας
717 1410 863 1496 δῦναμις,
883 1415 1146 1499 περιφρονοῦσοῦ

37 1509 73 1574 τὸ
94 1511 226 1586 ἀσθενές
245 1511 510 1593 καταγωνιζεται,
541 1507 647 1600 ὥσπερ
668 1507 837 1596 φάρμακον
857 1509 892 1576 έν
919 1513 1002 1576 έλκει
1021 1532 1120 1596 προσ·

37 1604 254 1690 πλαττόμενον
281 1607 530 1695 καταβιβροίσκει
560 1612 620 1694 μέν
646 1606 683 1674 τῦ
704 1612 835 1693 νοσοῦν,
862 1609 1126 1695 σοναναζοοπυρεῖ

3 1704 77 1772 οῦδὲ
104 1706 163 1793 τήν
195 1707 304 1791 ῦγείαν
335 1714 380 1799 τοῦ
409 1709 576 1792 κάμνοντι.
630 1712 663 1775 εἰ
683 1710 744 1795 γὰρ
772 1707 808 1777 τέ
833 1711 953 1774 δίκαιον
973 1708 1031 1774 οῦκ
1052 1702 1122 1772 εἶπέ
1134 1765 1141 1774 .

37 1832 140 1890 τισιν,
161 1804 197 1872 εἴ
211 1833 254 1894 πη
276 1805 366 1874 δὲτὸ
389 1805 557 1893 ἁρμόδιον,
591 1810 686 1875 οῦδὲν
707 1801 797 1894 ἧττον
815 1811 871 1874 καί
887 1804 968 1873 οῦτοι
990 1809 1120 1892 κινήσει.

36 1910 206 1991 τοιγαροῦν
224 1907 245 1992 ἦ
266 1907 365 1994 σοφίαι
384 1906 497 1973 τοῦτου
518 1910 608 1973 ἓνεκα
629 1911 686 1994 τῆς
706 1907 817 1992 ίσχῦος
836 1910 900 1972 τιῦν
920 1903 1025 1970 ὅπλων
1045 1931 1122 1993 κρα·

35 2015 104 2084 τεῑ,
131 2001 183 2070 ὅτι
201 2009 338 2088 πολέμου
357 2008 417 2089 μέν
447 2006 583 2090 δύναμις
609 2007 672 2091 οιίχ
700 2011 786 2074 niara
813 2009 935 2094 πέφυκε
963 2007 1021 2071 τοῦ
1040 2029 1123 2091 προ·

37 2104 133 2167 κτέου
152 2107 324 2187 γενέσθαι,
358 2107 389 2171 εἰ
412 2107 458 2193 μή
488 2132 537 2171 πω
569 2105 625 2171 καί
641 2102 757 2190 ἑαυτήν
789 2102 871 2190 oriar}
892 2100 1121 2189 ῦιαχρήσεται,

0 2198 76 2265 orti
109 2204 146 2267 δὲ
173 2207 228 2287 τῆς
252 2202 369 2291 σοφίας
388 2195 557 2287 ἆσεόματον
586 2204 642 2269 καί
661 2203 813 2292 φρούριον
835 2208 1027 2288 καθέστηκεν
1046 2199 1122 2266 iau-

36 2301 112 2387 τῆς·
144 2300 221 2390 πρός
247 2327 283 2389 γε
311 2302 370 2369 καί
395 2313 536 2392 φρουρεῖ
550 2302 604 2369 τὸν
623 2305 807 2388 κεκτημένον
827 2297 936 2387 αῦτήν.
976 2301 1122 2394 ἐντεῦθεν
1175 2343 1177 2350 -

111 2475 137 2527 8.
156 2470 188 2527 δὲ
204 2471 397 2545 ὁμολογήσειν
421 2474 472 2537 Η.,
500 2485 532 2526 σε
559 2472 640 2544 (ipat.
668 2475 739 2542 vulg.
862 2487 901 2524 ιο.
916 2468 1055 2541 ὑμέτερον
1072 2465 1122 2530 lt,

108 2541 233 2616 ὕστερον
249 2546 295 2596 vul
400 2545 438 2598 16.
457 2546 487 2596 el
501 2543 552 2618 πη]
572 2547 651 2597 eluet
668 2545 739 2598 coni.
757 2539 790 2594 Ν.
856 2559 895 2612 r9.
913 2539 1121 2612 περιγενέσθαι

109 2613 145 2668 N.
214 2612 282 2682 αίτή
298 2565 346 2679 it,
363 2614 434 2687 αὐτῇ
452 2615 523 2685 vulg.
805 2601 813 2624 ⁹

35 2760 155 2832 Quare,
180 2773 250 2829 quae
268 2759 421 2810 σολλερτια
444 2759 610 2820 nemesius,
645 2771 704 2808 eam
727 2759 825 2822 opunte
852 2753 905 2805 tibi
931 2753 1123 2818 necessitatem

34 2827 207 2899 imposuisti,
227 2837 256 2882 et
282 2845 414 2899 gener-oto
442 2829 546 2882 iudicio
568 2832 662 2881 contra
692 2833 719 2877 te
749 2823 838 2943 iprum
856 2826 1060 2892 pronuntiasti:
1085 2821 1121 2876 ab

34 2900 184 2952 honestate
202 2908 229 2951 te
246 2899 348 2951 victum
369 2914 428 2952 ease
446 2901 606 2958 conferma,-
622 2896 704 2965 piane
723 2911 758 2946 no
781 2898 804 2946 ia
822 2895 946 2946 Loricam
965 2894 1121 2958 restituisti,

35 2979 66 3024 et
85 2978 218 3038 tanquam
236 2976 358 3021 noatrnm
378 2971 518 3039 proprium
535 2967 732 3036 patrimonium
750 2981 807 3017 eam
827 2964 936 3016 tradens
956 2968 1015 3019 εἰσι
1032 2967 1122 3035 φοιτί-

34 3039 146 3094 dendae
164 3040 373 3109 potestatuum
392 3055 442 3090 nos
460 3038 639 3098 transtulisti3
657 3033 732 3108 qnod
746 3042 775 3085 et
795 3032 867 3085 idem
886 3035 920 3086 de
937 3036 1038 3088 Suania
1056 3051 1121 3104 aup-

33 3113 124 3182 pticea
151 3111 287 3177 petimus,
317 3115 348 3161 ut
380 3109 463 3179 gratis
493 3108 569 3181 quod
592 3107 673 3159 nobia
699 3105 839 3174 proprium
866 3113 924 3169 eat,
948 3106 1120 3175 recipiamus,

34 3191 65 3235 ct
85 3189 118 3232 ut
132 3197 181 3231 noa
198 3178 275 3231 vobia
293 3181 390 3247 gratias
414 3178 579 3239 habeamur,
602 3175 678 3248 quod
697 3191 739 3248 eo,
763 3172 838 3244 quod
855 3186 978 3230 nostrum
997 3184 1048 3239 eat,
1066 3178 1119 3227 mi-

33 3255 113 3303 nime
137 3265 187 3302 noa
214 3250 429 3302 mulctaveritia:
455 3265 502 3301 vot
529 3256 620 3301 autem
638 3244 888 3308 aummonumiui,
915 3245 991 3318 quod
1012 3252 1119 3298 tantum

32 3321 172 3392 potestis,
197 3326 229 3371 ut
252 3321 335 3372 etiam
362 3336 433 3392 quae
456 3327 544 3371 vestra
567 3335 623 3370 non
645 3325 725 3377 aunt,
756 3313 829 3366 dono
855 3313 920 3368 dare
943 3316 1118 3368 videamini.”

32 3393 96 3445 Rex
115 3399 208 3442 antem
225 3391 264 3443 ita
279 3389 435 3459 respondit:
462 3387 614 3460 „Equidem
632 3385 786 3456 sapientiae
803 3385 843 3438 via
860 3386 883 3438 ai
899 3385 1044 3439 offenderit
1059 3385 1121 3436 ani·

33 3479 113 3515 mum
132 3461 238 3514 ratione
263 3459 426 3514 destitutum
451 3468 480 3513 et
505 3457 687 3528 persuadendi
714 3455 844 3508 facultate
873 3456 1017 3516 orbatum,
1043 3453 1120 3524 quod

33 3534 178 3585 infirmum
195 3539 225 3582 et
240 3530 410 3584 imbecillum
433 3539 490 3592 eat,
514 3528 663 3598 prosternit
682 3534 711 3578 et
728 3527 858 3588 conterit,
888 3523 1119 3596 quomadmodum

31 3601 267 3656 medicamentum
286 3601 371 3654 ulceri
388 3600 543 3652 adhibitum
561 3599 730 3667 depascitur,
758 3595 788 3646 id
811 3595 884 3668 quod
903 3595 1025 3647 dolorem
1043 3593 1120 3660 facit,

33 3681 66 3726 et
85 3672 231 3724 sanitatem
250 3673 372 3724 restituit
395 3670 553 3740 aegrotanti.
596 3665 727 3737 Quamvis
752 3668 826 3719 enim
849 3666 962 3717 minime
982 3666 1056 3718 irrata
1081 3666 1119 3718 ait

33 3761 80 3804 ea,
100 3758 173 3814 ροσε
192 3743 265 3810 apud
283 3740 440 3794 huiusmodi
457 3739 597 3792 hominum
616 3754 700 3806 genus
718 3734 837 3790 hahetur
857 3737 960 3798 oratio,
979 3737 1003 3790 ai
1023 3743 1117 3790 tamen

33 3820 103 3882 apte
122 3819 152 3862 et
169 3813 302 3864 concinne
320 3811 485 3884 quisdicat,
513 3809 630 3864 dicendo
652 3807 762 3860 evincit.
798 3807 835 3859 Ea
855 3804 888 3856 de
907 3822 986 3858 cauca
1004 3807 1116 3876 eapien-

32 3886 76 3938 tia
93 3883 177 3950 longe
194 3898 331 3934 armorum
351 3883 404 3934 vim
421 3891 550 3950 ruperat,
572 3879 646 3950 quod
664 3879 765 3932 bellica
782 3878 867 3928 virtue
885 3891 940 3928 nou
958 3877 1046 3945 poerit
1062 3877 1117 3929 ali-

32 3953 115 4024 quod
134 3952 269 4023 egregium
288 3952 394 4005 t'aeinur
411 3950 507 4016 edere,
534 3952 588 4004 nisi
606 3967 634 4002 ae
653 3952 740 4018 ipsam
759 3960 869 4018 quoque
886 3956 1034 4011 consumat,
1052 3964 1119 4017 pru-

33 4031 135 4086 dentia
152 4036 245 4084 antem
263 4029 292 4079 et
314 4040 395 4078 auum
419 4024 506 4094 ipaiua
528 4020 697 4096 praeridium
721 4015 899 4073 constitutum
915 4025 973 4086 eat,
999 4025 1028 4072 et
1041 4031 1119 4084 eum,
