2734 4634
358 146 567 220 amram
596 147 805 216 ursinam
1045 119 1123 208 251

37 307 231 388 Ἕπιλλομνον
250 302 416 388 λαμβάνει.
457 302 665 387 Ἀδαμόνιιος
685 307 721 370 δέ
741 305 841 370 ταῦτα
860 299 1039 386 πυθόμενος
1057 327 1135 392 προ-
1142 306 1272 382 1⁸2·de

41 409 163 488 πέμπει
179 407 245 471 τόν
271 403 393 470 ἱππέων
411 405 476 470 τῶν
494 406 666 488 βασιλείων
683 400 754 470 τινὰ
763 453 775 488 ,
801 399 858 480 σός
886 379 1266 506 μαγιστριᾱῖῡῦςὲἓὲοἶρ

41 507 198 588 καλοῦσι,
220 497 423 592 μεμφόμενός
442 525 476 568 τε
498 497 584 591 αότρῖ
602 499 692 590 παρὰ
714 501 773 588 τὴν
791 496 963 586 όπόσχεσιν
982 505 1038 588 τῆς
1057 527 1130 589 πρε·
1141 521 1173 580 1³,
1181 525 1215 578 επ

40 607 153 686 σβειλις
173 605 323 688 ποιοῦντι,
334 600 402 668 λοι*
419 598 555 668 νελεόων
573 602 705 686 ἠρεμεῖν
725 606 781 668 ναί
798 603 878 688 urica
900 607 994 667 πλοῖα
1013 607 1136 686 λαβεῖν,

22 697 119 788 5μῆτ’
140 695 218 768 ἄλλο
237 726 269 768 τι
288 696 353 770 sair
372 699 540 788 παρόντων
558 703 653 766 πλέον
672 704 877 786 νεωτερίσαι,
898 703 959 777 ἕως
979 694 1019 766 όν
1038 701 1138 780 αότός

40 801 140 892 ἔλθῃ·
169 797 355 868 όποστεῖλαι
382 802 418 868 δέ
451 799 507 866 καί
532 790 646 885 ἄνδρα,
666 797 753 877 ὅστις
771 796 811 866 τὰ
841 798 940 866 πιστοὶ
966 803 1063 866 δοόσει
1081 805 1137 887 τῆς

40 901 124 984 μετὰ
143 898 201 986 τὴν
220 904 390 988 πρεσβειλιν
409 893 507 977 αὖθις
525 898 760 986 ἀναχωρήσεως
772 901 830 966 ναί
847 903 901 984 τῆς
923 893 995 986 ὅλης
1015 900 1137 978 ἀδείας.

41 996 152 1066 ταῦτα’
172 1024 207 1065 τε
225 999 308 1087 πρός
327 1002 446 1066 ἐκεῖνον
466 1001 650 1079 ἐπέστελλε,
669 1003 726 1064 ναί
744 993 841 1076 αὐτὸς
861 991 944 1086 όρας
964 995 1027 1066 ἀπό
1052 995 1135 1067 Θεσ-Ι

40 1100 210 1185 σαλονιλιης
229 1097 359 1184 ἔρχεται
377 1090 608 1183 είςἜδεσσαν,
631 1092 711 1163 ὅπου
731 1091 772 1183 ἧν
791 1099 998 1196 Σαβινισνός,
1017 1099 1079 1166 σόν
1099 1101 1136 1164 δὲ

7 1193 133 1286 ιοαότρῖ
158 1198 213 1264 ναί
232 1196 412 1280 Φιλόξενος.
450 1200 507 1264 ναί
524 1194 580 1275 τός
609 1221 644 1264 τε
666 1199 793 1274 δέλτους
823 1194 910 1287 αὐτῷ
937 1203 1133 1286 παρέχουσι,

41 1298 100 1366 καί
112 1294 283 1384 στρατηγόν
297 1297 524 1386 ἀποφαίνουσι,
533 1297 589 1363 ναί
600 1296 675 1384 περί
687 1301 750 1364 sois
764 1294 929 1415 παρόντων
944 1291 983 1362 sd
1004 1300 1156 1378 διεβου-Ιλ
1239 1283 1242 1290 ’

39 1393 181 1464 λεόοντο.
200 1400 257 1462 καί
278 1395 314 1464 τό
346 1399 406 1480 μέν
425 1399 599 1485 ἐπιχειρεῖν
625 1405 693 1474 τοῖς
714 1401 891 1483 βαρβαροις
911 1399 1134 1479 πορευομένοις

40 1498 101 1564 oria
121 1496 269 1584 ἀσφαλὲς
287 1492 413 1578 ἐδόκει,
445 1496 557 1581 ὀλίγων
584 1497 644 1578 μὲν
668 1495 827 1563 συνόντων
846 1492 935 1584 αὐτῷ
954 1496 1136 1584 Σαβινιανρῖ

40 1594 256 1684 μισθοφόρων
278 1597 413 1679 chariss,
431 1601 488 1682 τῆς
508 1598 545 1660 δὲ
565 1597 720 1682 δημοσίας
740 1599 888 1682 στρατιᾶς
908 1599 965 1660 καί
981 1596 1048 1660 τῶν
1069 1617 1136 1658 νοι-

6 1695 108 1762 strar
126 1697 298 1780 ταγμάτων
316 1698 380 1762 τῶν
405 1699 465 1778 μέν
485 1697 723 1782 διεσπαρμένων
742 1692 823 1760 κατὰ
843 1691 972 1777 πόλεις,
1003 1695 1066 1758 τῶν
1099 1694 1136 1758 δὲ

39 1793 124 1878 presai
145 1798 205 1858 τοῦ
218 1797 392 1881 στρατηγοῦ
403 1790 579 1881 Ὀνοόλφου
594 1791 864 1861 exoraverimus.
885 1790 986 1859 έδόνει
1004 1795 1040 1858 δὲ
1055 1794 1136 1874 πέμυ

39 1917 113 1958 πειν
133 1893 322 1976 ἁπανταχοῦ
340 1890 569 1980 προστάγματα
588 1894 806 1979 συγκαλοῦντα
824 1891 898 1970 τοός
918 1887 1135 1979 στρατιώτας,

38 1994 98 2056 καί
115 1989 171 2059 τόν
189 1991 364 2078 στρατηγόν
384 1994 538 2078 δηλοῦντα
558 1997 755 2079 προπέμπειν
773 1993 830 2058 τόν
847 1991 1053 2078 πρεσβευτήν.
1071 1983 1135 2074 ἤδη

39 2091 78 2156 δὲ
97 2089 293 2176 ὁρμωμένοις
310 2089 328 2156 ό
346 2087 435 2177 παρὰ
454 2096 512 2156 τοῦ
531 2092 741 2173 Ἀδσμαντιλιυ
762 2095 1054 2178 προαπεσταλμένος
1073 2086 1127 2154 ἱπ-

20 2188 123 2266 οπεός
142 2189 288 2278 εἶπαντᾷ,
308 2189 365 2256 τόν
383 2192 446 2256 τοῖν
465 2188 638 2278 βαρβάρων
656 2189 741 2276 ἔχων
760 2189 865 2277 ἱερέα,
886 2186 923 2256 όν
943 2186 973 2255 οἱ
994 2193 1161 2274 Χριστι-(λ

40 2287 115 2353 asos*
133 2293 267 2354 noiatim
285 2285 519 2376 πρεσβότερον,
554 2290 600 2368 aie
618 2293 726 2356 πίστιν
745 2295 803 2374 τῆς
823 2285 934 2364 οἷδείας
954 2287 1042 2376 αὐτῷ
1062 2288 1134 2352 ius-

38 2385 197 2473 δήσοντα.
215 2385 342 2474 ἔχοντες
362 2380 420 2455 σόν
440 2389 537 2456 atris
556 2387 619 2456 σόν
639 2389 749 2467 αότοῖς
768 2389 951 2474 ἠπείγοντο,
980 2385 1036 2452 ναί
1054 2380 1134 2473 aipa-

109 2526 129 2580 8
153 2521 205 2575 έπλ
219 2525 292 2596 vulg.
371 2527 411 2580 ιδ
426 2521 587 2596 Ὀνοιίλφου
603 2523 680 2586 vat,
698 2521 714 2576 d
732 2521 890 2595 Εδοέλφου
907 2520 980 2592 vulg.
1037 2535 1079 2575 ao.
1100 2517 1134 2571 δ-

109 2596 207 2662 παντρ
223 2595 267 2657 tl„
286 2594 398 2652 ἅπαντα
414 2596 489 2666 vulg.
597 2612 641 2650 aa.
660 2593 774 2665 ἔχοντες
791 2595 830 2659 B.,
855 2591 977 2665 ἄγοντες
994 2591 1069 2656 vat,
1087 2591 1134 2645 λέ-

109 2677 214 2734 γοντες
230 2667 302 2737 vulg.

39 2773 200 2830 progressus
224 2759 329 2828 ὶισρελα
354 2760 428 2816 lacto
450 2758 632 2830 Epidamnum
658 2765 784 2830 occupat.
819 2757 903 2830 Quod
930 2757 981 2812 ubi
1006 2757 1134 2830 cognovit

38 2829 231 2892 Adamantius,
244 2831 332 2882 mittit
348 2847 434 2883 unum
445 2846 479 2882 ex
489 2829 633 2900 equitibus
649 2829 833 2899 Imperatoris,
849 2831 898 2900 qui
916 2844 1025 2883 comeo
1046 2845 1134 2899 eapo-

39 2902 175 2963 stularet,
195 2899 272 2970 qnod
292 2907 388 2953 contra
406 2899 452 2964 id,
469 2901 545 2972 quod
564 2901 647 2953 missa
664 2902 803 2972 legatione
822 2901 1002 2971 promiserat,
1020 2899 1134 2963 iaceret,

39 2979 70 3023 ct
85 2971 199 3024 iuberet
216 2969 252 3022 ab
271 2970 382 3040 incepto
409 2969 542 3024 desistere
558 2987 649 3042 neque
668 2987 749 3022 naves
768 2987 891 3032 sumere,
919 2979 968 3023 aut
986 2970 1135 3042 quicquam

38 3038 118 3094 aliud
135 3057 265 3094 novarum
285 3057 375 3095 rerum
392 3049 518 3106 tentare,
547 3039 636 3093 donec
655 3041 832 3096 adventaret:
850 3037 971 3112 denique
989 3042 1078 3094 virum
1096 3039 1135 3094 ad

38 3113 214 3175 remittere,
242 3112 292 3182 qui
317 3112 374 3166 sibi
399 3110 455 3164 tuti
473 3121 536 3181 post
552 3117 691 3182 peractam
709 3112 875 3180 legationem
895 3109 1000 3164 reditus
1020 3119 1048 3163 et
1065 3110 1133 3164 reli-

37 3198 110 3250 quae
136 3181 291 3234 securitatis
315 3182 399 3235 fidem
423 3190 585 3250 praestaret.
621 3182 695 3234 Ilaec
721 3199 783 3234 curn
811 3182 847 3233 ad
872 3197 935 3233 eom
952 3181 1133 3234 Adamantius

33 3253 165 3306 mandata
188 3249 318 3315 dedisset,
337 3253 409 3322 ipse,
426 3251 620 3306 Thessalonica
642 3255 754 3314 relicta,
772 3250 899 3304 Edessam
924 3253 1000 3304 venit
1027 3261 1056 3306 et
1078 3267 1134 3302 una

35 3339 99 3374 com
119 3339 152 3376 eo
171 3320 345 3374 Philoxenus.
379 3323 446 3374 Erat
456 3322 574 3376 Edessae
592 3323 779 3385 Sabinianus,
796 3325 841 3374 cui
858 3323 964 3376 litteras
983 3323 1133 3390 Imperato-

34 3392 74 3445 ris
97 3391 282 3455 reddiderunt
306 3409 445 3463 quemque
470 3393 568 3446 ducem
597 3402 723 3446 crearunt
745 3401 892 3464 ceteraque
917 3395 1010 3444 omnia
1034 3390 1132 3442 ordine

35 3464 277 3518 administrarant.
312 3462 367 3514 Sed
381 3462 510 3517 barbaros
528 3463 688 3517 recedentes
705 3464 833 3535 persequi
852 3464 965 3514 minime
984 3467 1073 3513 tutum
1091 3462 1134 3512 si·

35 3551 97 3586 sum
119 3541 169 3586 est
205 3531 356 3586 Sabiniano
382 3535 455 3586 enirn
475 3535 556 3604 pauci
574 3535 677 3587 milites
703 3534 866 3586 mercenarii
892 3549 925 3584 ex
953 3532 1012 3583 eius
1029 3531 1134 3594 {dome-

35 3607 115 3657 sticis
133 3612 162 3657 et
180 3603 365 3656 familiaribus
385 3603 507 3658 aderant
543 3606 613 3658 Narn
659 3603 688 3656 ui
733 3603 823 3657 ublice
850 3600 994 3654 merebant
1012 3609 1040 3654 et
1058 3599 1134 3654 ordi-

35 3677 124 3726 nariis
141 3673 300 3743 legionibus
327 3674 458 3744 adscripti
478 3674 618 3745 stipendia
637 3622 793 3738 dsciedant,
820 3691 881 3726 cum
907 3687 956 3742 pcr
979 3671 1060 3725 urbas
1086 3671 1135 3724 di-

34 3747 139 3814 spersi,
157 3753 218 3796 tum
236 3743 378 3806 Onull'um‚
402 3745 501 3798 ducem
525 3765 613 3811 suum,
636 3746 739 3808 secuti,
758 3744 891 3797 abierant.
928 3743 1026 3816 Itaque
1043 3745 1135 3796 visum

36 3825 79 3868 est
96 3815 204 3878 edicta,
220 3814 323 3885 quibus
341 3815 445 3870 milites
465 3816 589 3889 undique
612 3824 808 3877 evocarentur,
831 3829 1002 3885 proponere,
1031 3821 1059 3866 et
1078 3813 1134 3866 du-

35 3901 95 3937 cena
119 3887 258 3954 legatum,
286 3887 336 3956 qui
359 3903 391 3939 es
413 3889 615 3972 promulgaret,
638 3887 826 3958 praemittere.
862 3885 901 3937 Eo
926 3886 986 3955 ipso
1010 3894 1133 3952 tempore

36 3971 122 4026 eques
142 3955 181 4008 ab
203 3954 368 4008 Adamantio
386 3973 484 4009 missus
502 3974 642 4022 resersus,
660 3975 715 4009 una
735 3971 826 4008 secum
844 3953 982 4008 adducens
1001 3955 1135 4006 barbaro-

36 4043 99 4086 ran
118 4025 307 4090 sacerdotem,
325 4042 407 4097 quern
419 4026 573 4088 Christiani
589 4028 783 4099 presbyterum
796 4033 909 4090 vocant,
927 4026 976 4098 qui
992 4023 1135 4080 tutolda·
