2734 4634
387 159 595 228 numeru
625 137 830 226 ursionis.
1065 131 1149 244 πλη

62 317 181 402 ταῦτην
202 307 364 402 ὅρμηται,
394 318 450 381 κατ’
476 311 524 381 sin
552 317 595 404 τῷ
611 317 743 399 βασιλεῖ’
765 313 869 379 ταῦτα
889 284 1040 378 ῦοκοῦντολ
1061 295 1287 398 ἐστι,λ.0.’ρηη

61 419 122 481 κατ’
140 412 184 491 ὦς
200 414 411 497 Ἀδαμοὶντιος
431 417 485 481 ἐπὶ
501 417 602 481 ταῦτα
622 415 809 500 πεμφθείη·
830 419 970 497 κρεῖττον
989 404 1046 506 οῦν
1065 389 1273 518 εἶναιὲἓξὸὲισ

61 511 197 597 αῦτοῖς,
226 517 286 592 ἕως
306 513 355 579 ἔτι
375 508 523 596 ἄπεστιν,
552 511 629 578 κατὰ
649 515 776 578 πλείονα
796 510 915 596 σχολὴν
933 510 973 576 ssi
998 515 1063 577 κατ’
1085 507 1144 576 αῦ-

59 611 136 690 τοῦς
167 612 402 699 διοικήσασθαι.
448 615 548 680 ταῦτα
581 611 637 677 κατ’
664 622 731 688 τοῖς
761 608 967 698 στρατιώταις
993 617 1061 685 τοῖς
1081 599 1162 675 ἐκεῖ

40 713 291 800 ὅφολιὲττονσιν,
313 706 403 778 odora
424 712 468 789 οῦς
488 715 664 796 δισχιλίοις,
686 714 719 777 'ot
736 711 792 776 assi
810 710 996 792 ἀμύνασθαι
1018 710 1147 776 ἐπιόντα

58 811 143 897 πρός
163 837 199 895 ys
218 811 262 878 τὸ·
274 815 469 900 παραχρῆμα
489 811 607 900 ῥᾳδίως
627 809 803 896 ἤῦῦναντο,
825 809 948 875 ἔπεισεν
962 807 1051 890 ’ὅμοῦ
1070 808 1220 884 πάν-Νι

58 935 122 986 τας
142 915 280 977 ἐκλιπεῖν
295 913 489 995 Ἔπίδαμνον,
510 909 566 976 καὶ
584 914 682 996 λέγων
704 911 760 976 καί
777 907 947 998 ταράττων,
963 912 1019 974 καί
1039 907 1148 996 φήμην

59 1005 118 1076 sies*
139 1009 253 1095 καινήν
272 1008 463 1097 πειρώμενος
482 1012 666 1094 ἐμβάλλειν,
700 1013 756 1076 καί
783 1007 832 1076 ὅτι
858 1015 988 1095 βασιλεῖ
1005 1003 1148 1094 ἀπεχθή-

58 1132 172 1174 σονται
190 1112 310 1190 μᾶλλον
331 1111 512 1195 ἀντιστῆναι
531 1112 685 1194 θέλοντες,
727 1107 783 1176 καὶ
809 1108 888 1194 πρὸς
909 1108 965 1175 τὸν
991 1104 1147 1192 Βαλαμή-

16 1231 126 1296 τορον
156 1204 276 1286 sibime
301 1210 497 1294 ἐπέστελλεν,
519 1211 568 1294 οῦς,
588 1207 684 1294 τάχος
713 1213 901 1295 ἐπείγεσθαι.
940 1205 956 1274 ὅ
980 1211 1015 1274 δὲ
1034 1208 1069 1274 ssi
1090 1213 1149 1274 τοῦ

57 1307 272 1390 §cospatrico
294 1311 422 1390 ἐπέμενε
443 1307 595 1394 δήλωμα,
625 1313 681 1376 κατ’
700 1310 756 1396 τὴν
778 1307 880 1376 αῦτοῦ
900 1303 1043 1394 ἀδελφὴν
1066 1307 1225 1396 vdorpv‚55

54 1411 290 1494 κατεχομένην,
311 1410 344 1488 ἐξ
363 1403 402 1495 ἧς
424 1410 616 1496 ἐτελεύτησε.
659 1409 803 1498 φανερὰν
822 1411 931 1492 μέντοι
960 1411 1019 1493 τῆς
1046 1410 1143 1472 καθέ-

53 1511 143 1592 δρας
173 1505 336 1592 πρόφασιν
364 1509 498 1573 ἐποιεῖτο
525 1507 581 1594 τὴν
600 1514 657 1575 τοῦ
675 1512 870 1595 πρεσβευτοῦ
889 1505 976 1592 παρὰ
997 1503 1143 1590 Ζήνωνος

51 1601 173 1694 ἄφιξιν
206 1611 263 1672 κατ’
287 1605 324 1672 ssi
344 1604 520 1689 βούλεσθαι
548 1613 666 1690 μαθεῖν
688 1604 772 1685 ὅπως
792 1605 870 1695 πρὸς
897 1603 993 1672 αὐτὸν
1013 1603 1081 1690 ἔχει
1101 1601 1142 1670 rei

11 1708 94 1774 νὸἕκ
115 1707 176 1770 τοῦ
194 1706 358 1786 βασιλέως.
381 1706 451 1773 ἕπετ’
469 1711 505 1774 δὲ
524 1706 580 1793 την
598 1707 740 1795 diripis
752 1712 812 1793 μὲν
824 1704 1049 1773 ἀποθανοῦσαν
1063 1703 1143 1770 iss-

49 1823 132 1887 ψεν,
148 1801 191 1868 τὰ
215 1805 251 1868 δὲ
270 1804 357 1891 nupsi
379 1809 590 1887 Σιδιμοῦνδοο
610 1808 767 1894 cincinnos
787 1811 950 1889 καλοῦντα,
970 1803 1048 1888 πρὸς
1067 1802 1163 1882 rodeli

43 1899 292 1988 Ἡρακλειώτας
308 1903 490 1982 ἐκλιπόντας
505 1911 564 1988 μὲν
579 1905 635 1992 την
647 1904 748 1992 πόλιν,
770 1909 803 1983 ἐς
823 1906 978 1994 φρούριον
998 1907 1033 1970 δὲ
1051 1905 1143 1988 Iopo—
1251 1941 1255 1950 «

48 2000 119 2087 ρόν
140 2001 467 2087 ἅνασκενασαμὲνοος,
488 2009 618 2088 πέμψας
638 2001 749 2094 ἀπῄτει
770 2015 857 2072 σῖτον
878 2002 976 2070 πολύν
996 2027 1068 2068 τινα
1089 2001 1145 2066 κατ’
1199 2063 1207 2078 ,

48 2097 168 2182 οἶνον,
199 2096 286 2175 ὅπως
313 2104 359 2188 τοῦ
387 2107 508 2192 στρατῷ
535 2103 605 2188 ἔχοι
637 2104 740 2172 α’πιών
768 2105 895 2193 ἐφόδια.
936 2099 965 2168 oi
994 2104 1029 2167 δὲ
1050 2095 1146 2167 οῦδὲν

4 2199 190 2286 ςοέφασαν
209 2197 297 2289 crispi
316 2197 475 2268 δύνασθαι
491 2251 499 2269 .
518 2249 528 2271 .
550 2251 560 2270 .
579 2205 635 2271 .ε’ν
653 2201 822 2282 τοσαύταις
842 2205 973 2290 ἡμέραις
995 2203 1169 2288 iponem

45 2303 134 2364 ὅσον
168 2291 256 2381 εἶχον
281 2301 337 2364 ἐπὶ
356 2302 498 2391 φρουριλρ
519 2327 553 2386 ys
572 2307 676 2393 μικρῷ
697 2299 948 2387 δεδαπανῆοθῦιι.
969 2298 987 2364 ὅ
1009 2301 1044 2365 di
1063 2296 1144 2380 πρὸς

43 2394 155 2486 &pysis
175 2395 217 2462 ssi
238 2402 369 2464 πλελντα
389 2403 446 2485 τῆς
464 2399 586 2479 πόλεως
606 2401 786 2489 ἐμπρήσας,
808 2397 933 2486 οἷνὸροῦν
953 2391 1049 2483 οῦοης
1069 2393 1142 2484 ἐρή-

126 2537 153 2589 3.
174 2531 307 2599 SoeVaL,
321 2527 354 2588 εὖ
370 2537 439 2608 vulg.
494 2540 518 2608 4.
537 2549 631 2610 στρατ.
652 2541 746 2610 λέγων
764 2545 824 2598 τοϊς
834 2539 903 2592 coni.
912 2537 946 2590 N.

44 2641 215 2694 conferret:
232 2638 379 2693 barbarum
396 2643 468 2697 enim
487 2646 695 2712 quamprimum
713 2643 892 2713 Epidamnum
912 2643 1084 2696 invasurum:
1103 2637 1143 2690 sic

42 2713 132 2766 enim
151 2711 348 2778 Imperatorem
367 2711 525 2780 decrevisse,
545 2716 593 2784 qui
604 2715 638 2766 ad
650 2733 708 2767 eam
724 2731 779 2767 rem
794 2713 995 2784 exsequendam
1005 2711 1142 2764 Adamasa⁴

41 2787 126 2836 tium
144 2781 262 2833 miserit
298 2783 394 2851 itaque
412 2784 508 2834 meiius
527 2802 583 2837 esse
601 2803 650 2855 per
669 2789 773 2850 otium,
802 2785 866 2836 sium
885 2783 1005 2837 nondum
1025 2781 1141 2846 adesset,

41 2853 140 2906 rebus
159 2852 220 2906 suis
239 2853 402 2921 prospicere.
437 2855 521 2906 Erant
538 2873 649 2926 quoque
665 2857 695 2907 in
717 2872 748 2907 ea
771 2855 839 2907 urbe
857 2857 886 2907 in
924 2853 1047 2908 raesidiis
1065 2851 1142 2904 mili-

38 2934 109 2977 tum
133 2922 196 2974 duo
221 2920 318 2984 millia,
337 2921 385 2992 qui
402 2919 510 2975 barbari
529 2928 646 2996 primum
670 2928 802 2994 impetum
826 2873 959 2996 repelicre
977 2924 1140 2996 potuissent.

37 2996 96 3048 His
119 3007 242 3064 quoque
259 2992 375 3053 muitum
394 2992 508 3046 dicendo
529 3002 558 3047 et
580 3005 710 3049 terrorem
729 2995 879 3048 iniiciensio
900 3002 928 3047 et
946 2993 1069 3068 quotidie
1088 3007 1140 3044 no-

38 3083 94 3118 vos
125 3078 255 3114 rumores
281 3062 430 3131 spargendo
458 3067 606 3132 persuasit,
634 3075 665 3118 ut
688 3066 782 3118 urbem
800 3065 979 3134 Epidamnum
1006 3065 1142 3118 desertam

37 3137 259 3204 relinquerent.
294 3133 393 3185 Aiebat
413 3137 500 3198 enim,
519 3153 581 3200 eos,
600 3139 623 3188 si
641 3137 767 3189 resistere
783 3137 930 3200 auderent,
948 3137 1031 3205 magis
1049 3135 1141 3202 impe-

37 3205 155 3258 ratoris
178 3201 318 3255 voluntas!
340 3203 531 3258 adversaturos.
567 3207 632 3262 Mox
678 3223 714 3260 uo
733 3209 848 3260 celerius
866 3204 1074 3260 Theudorichns
1094 3217 1141 3250 ac·

37 3277 190 3335 cederet,
210 3271 245 3323 ad
266 3289 328 3326 eum
344 3274 432 3327 misit:
459 3275 482 3325 is
497 3277 567 3330 cirea
585 3225 740 3328 Herodeam
760 3277 933 3341 consederat,
954 3273 1068 3345 etquid
1086 3267 1142 3321 sibi

36 3345 148 3400 nuntii
162 3360 181 3392 a
193 3341 357 3396 Sidimundo
372 3345 492 3408 veniret,
510 3355 538 3397 et
552 3353 664 3416 propter
680 3345 804 3401 morbum
823 3351 940 3409 sororis,
959 3361 1030 3417 quae
1048 3339 1141 3410 paullo

33 3426 111 3488 post
137 3414 281 3476 decessit,
308 3416 488 3483 exspectabat
525 3418 596 3469 Suae
614 3426 705 3469 autem
725 3436 813 3470 morae
832 3435 939 3470 causam
958 3415 1049 3483 palam
1068 3410 1143 3478 lega·

33 3497 105 3540 tum
129 3500 198 3536 esse
217 3482 373 3544 simulavit,
392 3501 473 3554 quem
494 3487 609 3538 adeum
628 3491 698 3539 Zeno
718 3489 844 3550 arriserat,
892 3489 1058 3542 adseren,
1085 3495 1142 3550 quo

32 3560 146 3610 animo
166 3555 202 3606 in
220 3568 249 3603 se
268 3561 340 3606 esset
357 3555 520 3623 imperatos,
547 3558 701 3629 intelligere
728 3565 847 3627 cuperet.
873 3505 941 3609 bec
960 3551 1047 3604 multo
1064 3558 1143 3620 post,

32 3647 104 3682 com
130 3623 261 3678 sororesir
281 3640 356 3675 suam
377 3635 509 3678 mortuam
528 3627 654 3691 efferret,
672 3645 688 3679 a
704 3625 865 3682 Sidimundo
884 3623 997 3673 nasutius
1016 3619 1145 3682 occurrit,

31 3703 88 3770 qut
113 3713 189 3748 eura
210 3702 365 3746 arcesseret
402 3695 471 3748 Tum
488 3696 523 3748 ad
542 3697 727 3760 Heracleotes,
747 3699 794 3770 qui
814 3692 910 3748 urbem
929 3691 1099 3762 reliquerant
1114 3693 1144 3739 et

30 3789 64 3823 ae
84 3771 122 3820 in
144 3780 245 3817 arcem
264 3764 474 3818 munitissimam
492 3777 667 3836 receperant,
695 3769 770 3821 misit
799 3765 848 3836 qui
875 3767 1003 3834 peterent
1019 3773 1142 3840 maguam

28 3837 188 3894 frumenti
208 3836 264 3885 rim
283 3840 312 3885 et
330 3835 401 3896 vini,
421 3844 452 3887 nt
472 3838 614 3892 discedens
634 3839 778 3900 viaticum,
798 3831 873 3904 quod
890 3830 992 3885 aiendo
1011 3833 1144 3881 exereitus

31 3911 207 3969 sufficeret,
225 3902 349 3957 baberet
385 3906 430 3956 iiii
450 3917 540 3962 autem
559 3908 774 3980 responderunt,
793 3904 866 3955 nibil
880 3903 937 3954 sibi
952 3907 1053 3954 restare
1070 3909 1145 3946 com·

30 3989 212 4039 meatuum,
231 3991 302 4045 quos
320 3973 412 4042 largiri
430 3987 557 4046 possent,
575 3982 677 4032 etenim
698 3995 766 4049 quos
784 3972 950 4027 habuissent
976 3978 1020 4022 tot
1049 3965 1147 4018 diebus

30 4053 187 4124 inpuro
211 4044 324 4100 metello
344 4050 547 4121 consumpsisse.
583 4051 634 4106 lile
660 4051 701 4105 ira
722 4047 839 4110 exarsit,
856 4052 887 4099 et
904 4042 1000 4104 urbis,
1024 4051 1095 4108 quw
1110 4029 1146 4084 ὦ
