2734 4634
514 147 568 212 BE
594 141 741 212 rurlto.
1083 144 1162 213 XXV

64 301 197 366 remim
213 297 383 362 maiiesto
398 296 492 362 huius
512 308 612 380 parus
629 308 705 364 sunt
724 312 921 380 quaeeunque
945 296 1075 360 ePetm
1097 319 1166 362 ma·

68 409 166 486 patro
186 409 317 464 exstant
338 401 449 462 inserte
471 397 679 460 caeremoniali
694 397 882 458 Constantini
892 397 1167 481 Porphyrogenitia

70 503 193 564 hebmt
217 512 325 562 antem
344 521 414 560 eum
430 510 583 560 auctorem
603 519 666 558 non
687 495 787 558 nolum
800 497 898 580 capita
911 499 1002 580 primi
1020 496 1089 558 lihn'
1111 495 1167 578 84.

71 615 102 663 et
122 603 208 674 85..
232 600 348 683 quibur
372 599 437 660 eius
455 619 566 660 nomen
587 598 753 680 praefixum
770 596 881 658 diserte
905 595 1038 679 legium,
1057 618 1166 660 verum

70 703 166 761 οὕτω
182 700 296 762 &orm
309 719 391 782 quae
398 698 544 762 continuo
557 707 735 780 sequuntur,
749 716 844 778 usque
854 695 895 757 ad
904 694 957 778 95
969 717 979 772 3
999 696 1052 756 ubi
1063 716 1164 780 saepe,

72 822 104 860 v.
128 821 184 883 gr.
198 799 259 862 86.
281 796 336 881 87.
359 795 412 882 95.
440 795 478 858 de
505 797 670 860 Iustiniano
702 806 845 878 tanquam
872 798 1038 877 imperante
1071 817 1168 878 quum

73 903 136 960 ista
160 897 395 975 smiberennrr,
428 915 526 956 sermo
553 905 608 956 est.
651 896 750 956 Petita
769 905 870 956 autem
893 914 956 955 esse
970 893 1045 956 haec
1062 895 1166 957 omnia

77 1020 95 1059 e
122 997 202 1060 libro
235 997 278 1058 de
309 993 409 1056 officio
440 995 573 1078 magistri
594 993 761 1057 satisiinde
779 993 930 1077 eolligitur
951 994 1037 1077 ,quod
1060 1007 1167 1058 οσοῐοι·

77 1101 239 1180 praecipue
250 1095 287 1160 id
308 1097 390 1178 agit,
412 1105 448 1156 ut
461 1094 565 1156 dooeat
585 1115 663 1177 quae
677 1105 778 1177 partes
794 1095 928 1177 magistri
952 1094 1057 1157 sintin
1072 1095 1166 1158 rebus

78 1219 154 1279 quar
174 1207 311 1274 nactam
330 1195 601 1277 magistrorumque
612 1195 738 1256 nomina
755 1196 842 1276 ponit
859 1237 870 1271 ,
889 1194 943 1275 qui
963 1195 995 1255 in
1015 1215 1050 1256 ea
1066 1193 1166 1278 digni-

77 1307 140 1356 tate
162 1297 280 1361 suerint
299 1316 364 1379 quo
390 1305 525 1376 tempore
544 1295 673 1374 Leones,
694 1315 770 1355 avua
786 1303 817 1356 et
833 1313 947 1378 nepos,
973 1293 1165 1358 Anastasius-

79 1418 140 1479 φιτ
159 1407 190 1456 et
207 1395 347 1456 lustinus
370 1396 529 1477 imperium
546 1404 750 1477 susceperunt.

150 1495 269 1556 Utrum
284 1495 385 1558 hocin
397 1491 549 1556 volumine
563 1515 601 1554 en
620 1491 693 1554 alibi
707 1492 818 1554 Petrus
828 1494 1083 1577 exposueritquae
1094 1517 1166 1559 curn

80 1595 217 1656 Chone&
237 1594 279 1654 de
299 1614 374 1676 paee
389 1591 595 1674 componenda
615 1591 734 1654 loeutus
758 1593 958 1677 esset³⁷)‚pro
980 1595 1167 1680 iuoornperto

82 1693 233 1776 relinquo.
279 1691 434 1754 Sermonis
462 1694 656 1754 rusticitatem
689 1692 722 1752 in
754 1713 792 1753 eo
820 1693 1011 1776 reprehendit
1038 1699 1166 1760 Menan.

86 1794 159 1871 der,
178 1812 274 1876 quarn
293 1813 325 1852 se
343 1792 443 1854 verbis
463 1790 571 1852 Atticis
596 1801 727 1852 mutasse
753 1794 795 1853 ait
814 1813 910 1874 quum
937 1793 1086 1878 colloquia
1109 1799 1168 1860 iata

86 1894 231 1957 referret:
248 1894 420 1974 iustamque
450 1911 512 1952 esse
536 1890 846 1973 reprehensionemei
876 1891 962 1955 facile
997 1896 1166 1960 credimus:

86 2015 158 2054 narn
190 1995 223 2054 in
253 1989 393 2074 capitulis
422 2011 499 2073 quae
525 1992 557 2050 in
584 1989 793 2052 caeremoniali
824 2002 940 2054 exstant
956 1998 1102 2077 graecitas
1126 1997 1169 2059 ad

85 2093 282 2169 barbariem,
302 2089 515 2172 wilgaremque
534 2110 703 2154 sermonem
725 2088 884 2151 manifesto
909 2093 1078 2170 inclinata,
1105 2096 1168 2173 imo

88 2197 149 2254 iam
165 2195 196 2254 in
209 2193 292 2254 hunc
315 2211 468 2268 conversa,
484 2192 687 2273 conspicitur·2
705 2209 804 2273 neque
814 2188 1115 2274 eclogaeexlrietoria
1126 2196 1171 2257 ab

89 2293 146 2354 ista
170 2291 237 2354 labe
269 2293 417 2354 immunes
436 2299 516 2350 sunt.
544 2290 619 2364 ott,
647 2311 725 2373 qrrae
753 2311 771 2349 e
796 2286 882 2350 libris
910 2292 984 2370 περὶ
1009 2293 1169 2375 πολιτικῆς

90 2385 261 2472 ἐπιστήμης
279 2393 311 2449 in
329 2388 452 2452 luminis
473 2410 541 2449 oras
554 2389 672 2450 reduxit
688 2389 799 2461 Maius,
818 2409 936 2448 summa
960 2387 1119 2472 elegantia,
1138 2403 1171 2454 et

95 2509 188 2571 pame
207 2490 381 2550 intemerato
408 2487 511 2550 Attico
533 2509 670 2548 sermone
692 2489 803 2570 scripta
820 2497 902 2548 sunt.
945 2488 1049 2566 Quum
1067 2501 1171 2554 autern

95 2589 201 2650 Petrus
218 2589 263 2650 s'ui
280 2589 348 2648 aevi
371 2587 561 2666 hominibus,
579 2586 631 2670 qui
657 2607 693 2650 ea
713 2586 775 2647 fere
789 2585 893 2669 lingua
910 2587 1073 2672 utebantur
1091 2613 1170 2674 quae

94 2709 173 2748 nunc
193 2689 274 2771 apud
298 2689 428 2748 Graecos
449 2687 581 2762 obtinet,
604 2686 804 2769 loqueretur,
827 2708 890 2748 non
910 2688 1063 2751 veteribus
1085 2692 1169 2754 Attia

95 2787 151 2864 eis,
176 2809 274 2848 sermo
295 2789 380 2866 eius,
401 2807 458 2868 pro
479 2789 743 2870 grammaticorum
767 2788 914 2847 sententia
936 2789 1082 2868 vitiosus,
1105 2811 1168 2853 nou

96 2887 272 2968 impediebat
296 2907 357 2968 quo
383 2889 496 2959 minus,
520 2887 545 2945 si
570 2887 616 2945 vis
641 2884 840 2966 persuadendi
872 2887 900 2946 ei
923 2887 1050 2966 inesset,
1070 2889 1171 2950 homi·
1198 2901 1203 2912 '

97 3007 166 3046 num
174 2983 579 3046 mentoeorationessecteret.
602 2985 650 3044 De
662 2983 790 3066 quaviri
803 2983 983 3066 eloquentia,
1005 2989 1172 3072 ceterisque

98 3086 232 3161 dotibus,
253 3087 424 3146 testimonia
444 3105 521 3166 quae
544 3082 764 3166 hicsub'rungo
786 3082 963 3167 loquuntur.

174 3187 326 3246 louarrns
350 3185 454 3244 Lrnus
480 3183 518 3246 de
545 3185 759 3266 unguentium
789 3185 835 3245 ΙΙ.
857 3185 910 3246 25.
938 3185 1019 3248 ae:
1048 3189 1112 3259 τοῖς
1132 3184 1170 3248 δὲ

99 3279 300 3365 λμειρομὲιοις
328 3276 405 3355 τούς
441 3280 557 3366 ’ἐφεξῆς
591 3277 636 3362 μὴ
674 3280 826 3364 ἀγνοῆσαι
857 3281 1050 3366 μαγιστροος
1075 3274 1170 3366 ἄχρις

101 3378 203 3468 ἡμῶν,
232 3378 360 3463 ἀρκέσει
392 3375 469 3464 πρὸς
495 3380 703 3444 διδασκαλίαν
730 3384 857 3464 Πέτρος
876 3380 895 3444 ὅ
916 3377 1017 3444 πάντα
1035 3381 1172 3466 μεγαλό-

104 3503 203 3563 φρων,
233 3479 289 3540 καί
314 3479 371 3562 τῆς
398 3478 535 3542 καθόλου
557 3475 698 3564 ἱστορίας
723 3479 871 3566 αὀραλῆς
899 3475 1105 3563 διδάσκαλος,
1127 3485 1170 3546 δι’

105 3567 144 3639 uir
165 3574 261 3652 ου’τὸς
280 3575 334 3640 e‘ui
350 3577 407 3642 τοῦ
428 3579 593 3660 λεγομένου
614 3581 821 3663 μαγιστρρίοο
843 3576 1053 3662 ἀνεγράψατο.
1093 3606 1173 3664 προ·

102 3680 190 3759 ἦλθεν
216 3667 271 3739 οὖν
300 3675 320 3760 ἡ
352 3675 484 3758 δύναμις
516 3679 569 3741 ἐπὶ
588 3681 680 3742 πλέον
699 3682 755 3763 τῆς
776 3679 901 3763 ἀρχῆς·
931 3672 969 3742 οὗ
992 3679 1090 3760 μόνον
1108 3680 1172 3763 γὰρ

103 3776 156 3849 τὰς
185 3779 249 3839 ταῖν
276 3777 377 3840 ἐθνῶν
399 3775 565 3860 πρεσβείας
585 3775 641 3862 ὑφ’
662 3771 765 3867 ἑαυτῷ
792 3776 942 3853 τελούσας
962 3777 980 3842 o‘
1004 3774 1173 3863 μάγιστρος

104 3870 180 3956 ἔχειν
211 3873 413 3958 πιστεύεται,
438 3873 494 3942 τόν
507 3873 548 3940 ’τε
570 3871 723 3962 δημόσιοι
743 3877 878 3963 δρόμον,
898 3880 955 3946 καί
972 3883 1094 3964 πλῆθος
1114 3881 1172 3962 ἐμ·

121 4054 162 4127 37)
171 4053 345 4153 'Moundou
362 4073 387 4128 p.
397 4057 455 4129 429.
581 4139 584 4146 ἢ
