2734 4634
381 168 564 234 namuci
593 168 795 234 numum.
1031 140 1115 247 ,τόδ
1205 176 1209 185 ·

45 308 226 400 άπαγαγὴκ.
266 311 468 383 salamantin
488 317 664 396 συντάξεάν
681 316 737 382 καί
754 320 818 382 τῶν
837 320 1011 404 χρημάτων
1029 322 1114 404 πέρι,
1124 322 1155 374 Δ.
1165 320 1192 375 C·
1204 323 1256 393 447

44 412 120 499 άπερ
141 412 210 479 ἔδει
230 423 293 492 τοίς
324 408 455 492 Οάννοις
482 419 718 499 ἐκπέμπεσθαι,
753 421 972 505 συνεισφέρειν
1000 393 1262 535 πάνταςῆῒοᾊῗγο

41 513 221 597 ἠνάγκασε,
241 512 366 596 δασμόν
385 519 660 601 εἰσπραττομένους
679 516 735 581 καί
744 515 818 592 τσός
837 514 918 581 κατά
938 514 1054 600 χρόνον
1067 534 1145 585 wli

41 610 74 677 τά
97 610 159 697 τὴν
177 609 360 699 βαρυτάτην
379 617 609 701 κουφισθέντας
630 617 687 701 τῆς
705 622 762 700 γῆς
782 615 971 702 ἀποτίμησιν
991 615 1051 681 εἴτε
1068 620 1119 681 δι-

25 714 164 779 bamur
184 711 310 797 κρίσει,
332 710 393 777 εἴτε
412 716 570 795 βασιλέων
600 716 802 802 φιλοτιμίαις.
841 718 1063 802 συνεισέφερον
1083 717 1118 782 δέ

40 806 134 893 ῥητόν
153 811 290 895 χρυσίον
318 816 372 875 καί
390 812 419 876 oi
448 814 483 876 ἐν
513 816 551 899 τῇ
572 816 721 903 γερουσίᾳ
742 815 1012 900 ἀναγεγραμμένοι
1033 814 1113 902 όπέρ

37 912 131 996 σφιάν
162 910 269 974 αότάν
300 904 400 989 άξίας.
440 910 496 976 καί
520 904 559 998 ἦν
588 920 714 988 πολλοῖς
740 909 760 997 ἦ
790 912 918 999 λαμπρά
943 912 1023 999 τάχη
1044 916 1116 997 βίου

36 1008 212 1093 μεταβολή·
251 1008 474 1096 ἐσεπράττοντσ
501 1009 561 1097 γάρ
589 1010 669 1094 μετά
693 1015 847 1095 αἰκισμῶν
880 1009 960 1098 Ιάπερ
985 1013 1117 1079 ’ἕκαστον

36 1108 262 1191 ἀπεγράψαντο
284 1107 313 1173 οἰ
333 1110 420 1195 παρά
432 1115 589 1193 βασιλέως
618 1116 711 1177 τοῦτο
731 1122 833 1178 ποιεῖν
863 1113 1115 1195 ἐπιτεταγμένοι,

11 1200 116 1275 moiun
127 1204 186 1271 τόν
198 1206 316 1289 κόσμον
326 1212 388 1275 τιόν
395 1211 552 1291 γυναικοῖν
565 1208 620 1274 καί
631 1210 670 1275 τά
682 1208 797 1276 ἔπιπλα
809 1210 886 1286 τεός
895 1207 992 1275 πάλαι
1007 1212 1115 1275 εδδαί-

34 1309 338 1392 μοναςπροτιθέναι
358 1310 391 1375 ἐν
410 1310 519 1399 α’γορρῖ.
558 1314 649 1375 τοῦτο
668 1313 728 1392 μέν
746 1308 827 1391 μετά
847 1307 900 1374 τόν
920 1306 1057 1392 πόλεμον
1076 1307 1112 1373 τό

34 1404 127 1470 κακόν
142 1406 323 1488 Ῥωμαιοος
339 1408 485 1489 ἐδέξατο,
518 1403 600 1473 σόστε
625 1406 760 1486 πολλσός
787 1404 809 1493 ἢ
836 1403 1138 1494 άπσκαρτερὴσαν-(λ

33 1528 84 1580 τας
111 1499 135 1588 ἢ
167 1501 288 1591 βρόχον
308 1505 493 1589 ἁψαμένους
526 1504 583 1571 τόν
609 1508 679 1589 βίον
709 1510 885 1572 τίπολιπεϊν.
923 1507 993 1573 τότε
1014 1508 1052 1591 δὴ
1077 1509 1113 1571 ἐκ

30 1606 85 1666 τοῦ
105 1608 309 1690 παραχρῆμα
330 1609 391 1669 τῶν
411 1609 585 1692 θησαυρῶν
603 1608 876 1690 ἐξαντληβέντων,
897 1603 978 1687 τό,τε
995 1608 1112 1691 χρυσί-

11 1705 65 1769 uu
84 1702 144 1769 καί
165 1701 195 1767 οἱ
216 1704 355 1789 φυγάδες
375 1708 554 1787 ἐπέμποντο,
577 1702 694 1771 Σκόπα
713 1706 768 1770 έπί
783 1704 898 1788 ταύτην
919 1703 977 1788 τὴν
996 1708 1110 1790 πρᾶξιν

31 1795 228 1886 ἀφιγμένω·
265 1795 311 1868 ὧν
331 1808 494 1879 πλείστους
518 1804 670 1886 Ῥωμαῖοι
697 1800 880 1870 άπέκτειναν
901 1797 1111 1879 άπειθοῦντας
1155 1891 1158 1896 Ι

30 1897 105 1983 πρός
128 1898 192 1984 τὴν
211 1897 344 1972 ἔκδοσιν.
385 1904 419 1967 ἐν
448 1895 493 1979 οἷς
518 1908 574 1967 καί
592 1907 654 1967 τῶν
673 1906 845 1985 βασιλικῶν
865 1902 1008 1988 ἐπῆρχον
1025 1906 1109 1966 Σκυ-

29 2001 109 2079 θῶν,
126 2001 163 2064 οἰ
179 1996 242 2063 uno*
259 1996 393 2089 Ἀττὴλρ
412 2000 581 2067 τάττεσθαι
602 2001 788 2087 άνηνάμενοι
819 1999 905 2089 παρά
932 2002 1109 2083 Ῥωμαίους

28 2097 189 2183 ἐφίκοντο.
229 2108 296 2175 τοῖς
317 2100 352 2164 δέ
374 2099 474 2165 αὑτοῦ
496 2100 513 2165 ό
532 2097 679 2186 Ἀπάλας
699 2098 879 2187 προστιθείς
899 2097 1108 2184 ἐπιτάγμασι,

11 2200 80 2261 uxot
114 2198 363 2282 Ἀσημουντάιυς
386 2186 551 2266 1ἐκέλευσεν
577 2202 736 2266 ἐκδιδόναι
765 2194 857 2276 όσους
887 2198 1108 2283 αἰχμαλώτους

25 2295 173 2383 ἐπῆρχον
192 2295 315 2381 ἔχοντες
336 2296 395 2363 εἴτε
412 2298 603 2383 Ῥωμαάιυς,
638 2297 701 2364 εἴτε
720 2295 910 2383 βαρβάρους.
946 2291 1143 2380 Ἀσημοῠςύ

91 2454 115 2505 3.
129 2448 301 2520 ιῖνιίγκασαν
318 2450 427 2505 coniN.
483 2456 505 2505 5.
529 2450 560 2505 dt
577 2454 617 2517 B,
634 2453 681 2503 καλ
697 2452 768 2523 vulg.
824 2448 1108 2523 6.υἰναγεγραμμένοι

92 2520 165 2584 Vni,
184 2521 244 2575 άνω
256 2525 458 2594 γεγραμμένοι·
469 2523 540 2591 vulg.
597 2526 634 2577 15.
647 2519 698 2589 vir
715 2522 812 2576 aaut.
860 2520 1105 2595 uptnapyurt’m.

23 2658 168 2729 vectigalea
187 2659 253 2713 facti
272 2668 372 2718 eaaent.
408 2662 507 2733 ltaque
527 2658 629 2714 tributa
651 2670 679 2715 et
696 2662 842 2733 pecuniae,
861 2675 928 2731 quaa
947 2658 982 2713 ιδ
990 2658 1104 2712 Hunno·

26 2728 128 2783 deferri
157 2730 320 2799 oportebat,
348 2732 497 2802 Imperator
523 2750 615 2785 omnea
642 2736 765 2786 conterre
791 2731 897 2801 coegit:
921 2731 998 2782 nulla
1020 2730 1104 2784 etiam

24 2817 116 2851 eorum
137 2801 322 2855 immunitatis
342 2800 436 2853 habita
455 2800 570 2865 ratione,
589 2804 636 2873 qui
655 2811 744 2856 terrae
764 2818 857 2864 onere,
874 2810 1004 2871 tanquam
1021 2800 1103 2853 nimia

22 2870 153 2938 gratiaci
181 2879 307 2943 tempus,
331 2876 387 2925 aive
410 2874 603 2943 Imperatorum
621 2873 808 2942 benignitate,
837 2888 886 2925 aeu
902 2871 1024 2924 iudicum
1041 2888 1104 2925 aen-

22 2942 128 3003 tentia,
154 2942 240 2993 levati
266 2942 349 2997 erant
394 2943 580 2996 Conierebaut
602 2946 685 2995 etiam
708 2960 804 2996 aurum
828 2942 961 2995 indictum
994 2942 1042 3011 qui
1071 2944 1103 2997 in

23 3009 152 3063 Senatum
179 3013 290 3081 ascripti
316 3022 408 3076 erant,
434 3014 505 3065 ultra
529 3030 610 3084 quam
634 3014 776 3067 facultates
807 3014 879 3066 ferre
903 3018 1048 3083 poterant,
1073 3021 1103 3066 et

21 3082 115 3135 maltis
146 3082 291 3153 apleudida
317 3092 346 3137 et
370 3084 483 3136 illuttria
509 3084 619 3137 fortuna
640 3084 713 3136 vitae
735 3082 973 3136 commatationem
997 3083 1100 3135 attulit.

22 3150 250 3205 conficiebantur
266 3157 339 3207 enim
357 3156 505 3223 pecuniae,
524 3170 594 3226 quae
612 3156 760 3225 unicuique
778 3154 925 3223 imperatae
936 3162 1020 3218 eraut,
1038 3170 1099 3205 eona

21 3222 171 3275 acerbitate
189 3231 217 3276 et
235 3224 400 3276 contumelia
419 3223 453 3275 ab
472 3224 522 3288 iia,
540 3224 641 3295 quibua
659 3222 742 3278 huiua
759 3226 798 3277 rei
816 3242 880 3276 cura
896 3224 931 3276 ab
948 3226 1099 3295 imperato-

21 3306 47 3340 re
64 3302 128 3346 erat
147 3292 320 3348 demandata.
348 3296 387 3346 Ex
407 3310 480 3365 quo,
502 3296 577 3365 quia
596 3294 746 3348 maioribus
764 3304 888 3365 aceeptaa
906 3294 1016 3347 divitiae
1033 3308 1098 3361 poa-

19 3362 167 3429 ridebant,
193 3373 352 3418 ornamenta
376 3381 490 3417 uxorum
517 3372 545 3417 et
567 3368 717 3433 pretioaana
742 3383 817 3418 auam
842 3363 1039 3436 supellectilem
1067 3364 1098 3414 in

18 3430 76 3483 iuro
94 3452 198 3487 renum
216 3435 398 3504 exponebant
434 3434 475 3487 ab
497 3434 550 3488 boc
566 3434 641 3487 bello
659 3442 712 3489 tam
732 3446 809 3489 atrox
829 3445 858 3489 et
874 3434 970 3489 acerba
987 3432 1098 3483 calami·

17 3508 56 3552 taa
76 3505 214 3557 Romanoa
235 3509 360 3575 excepit,
381 3512 412 3557 ut
426 3506 505 3557 multi
526 3514 574 3557 aut
589 3505 754 3560 abstinentia
771 3507 838 3569 cibi,
857 3514 906 3557 aut
922 3508 1014 3573 aptato
1024 3504 1096 3557 eollo

18 3572 120 3642 laqueo
144 3578 227 3627 vitam
256 3576 385 3629 finierint
420 3577 499 3629 Tunc
516 3576 616 3645 igitur,
642 3592 723 3643 parvo
742 3578 872 3645 temporie
888 3582 1026 3625 momento
1044 3590 1094 3626 ea-

16 3640 122 3696 banatia
147 3646 299 3710 tbeaauria,
316 3656 418 3699 ‘aurum
444 3653 474 3697 et
498 3646 590 3698 exules
618 3645 691 3715 (nam
716 3646 825 3708 Scotto,
852 3644 902 3713 qui
928 3646 1093 3714 anaciperet,

16 3712 185 3788 advenerat)
205 3716 240 3767 ad
248 3716 361 3784 Scythae
381 3718 457 3768 miaai
473 3723 544 3768 aunt
581 3718 695 3769 Romani
712 3734 775 3770 reru
792 3717 891 3767 multua
909 3730 942 3767 ex
958 3715 1094 3785 profugia,

18 3786 61 3849 qui
86 3786 156 3837 dedi
180 3788 404 3849 reluctabantur,
427 3786 615 3849 trucidarunt,
640 3788 714 3839 inter
737 3802 805 3856 quoa
830 3785 916 3855 aliqui
949 3786 1060 3838 suerunt
1077 3803 1093 3836 e

18 3858 98 3921 regiis
119 3857 242 3924 Scythia,
265 3858 314 3927 qui
334 3857 451 3909 militare
468 3856 520 3909 aub
539 3857 623 3909 Attila
645 3866 792 3910 renuerant
808 3862 837 3907 et
852 3858 978 3909 Romania
995 3873 1025 3907 ae
1042 3856 1093 3907 ad·

18 3926 171 3980 iunaerant
208 3930 316 3979 Praeter
333 3927 381 3980 baa
397 3929 473 3997 pacia
494 3926 665 3980 conditionea
684 3927 783 3981 Attilae
799 3926 959 3978 baimuntiia
983 3940 1093 3995 quoque

17 3996 177 4061 imperavit,
195 4007 225 4049 ut
245 4000 381 4067 captivae,
401 4015 468 4067 quoa
490 4014 573 4067 penca
591 4016 619 4051 aa
639 3997 795 4058 habebant,
814 3997 870 4047 aire
880 3997 1021 4058 Romanoa,
1036 3998 1093 4048 aira

13 4062 164 4133 barbarea,
184 4068 337 4123 redderent.
355 4070 403 4129 litt
419 4076 509 4122 autam
525 4070 629 4121 lainam
648 4065 779 4152 oppidum
798 4065 934 4131 ualidum,
953 4084 1009 4120 non
1021 4066 1095 4117 mul·
