2734 4634
331 223 387 288 na
414 219 626 289 mocouo
657 219 867 288 orarum
954 189 961 206 '
1013 225 1141 328 mur

54 389 130 441 mata
151 397 345 464 componere
365 380 504 442 tentavit.
547 379 636 459 Quae
666 399 758 464 supra
777 378 817 442 de
835 382 899 442 eiua
918 381 1034 464 oripne
1053 393 1145 468 atqua

54 481 214 548 inventute
234 479 318 553 dixi,
344 499 380 539 ea
401 481 501 540 omnia
523 481 588 562 ipse
600 481 632 540 in
645 482 800 562 prooemio
811 480 954 542 historiae
965 482 1145 564 tradiderat,

53 577 155 662 qnod,
192 577 279 662 apud
315 577 440 638 Suidam
467 590 643 659 euentum,
672 583 760 663 posui
780 582 879 664 primo
898 578 965 642 loco
985 583 1065 643 inter
1084 581 1146 644 fra·

54 689 200 762 gmenta,
222 701 257 762 p.
280 675 354 758 438.
376 677 427 739 ed.
451 677 487 739 ll.

111 845 164 908 De
186 843 515 918 OLYMPIODORO,
537 843 1147 923 CAND1D0,NONNOs0etTHEO-

53 944 204 1004 PHANE
224 940 305 1003 nihil
324 964 448 1024 prorsus
468 943 507 1004 ad
528 964 583 1006 noa
604 945 743 1025 pervenit
769 957 887 1028 praeter
906 967 941 1008 ea
966 968 1046 1029 quae
1065 947 1148 1030 apud

55 1044 208 1104 Photium
227 1041 397 1125 leguntur,
419 1045 452 1104 in
465 1054 568 1104 nostra
582 1044 714 1105 editione
725 1067 757 1126 p.
773 1041 845 1127 447.
856 1067 935 1128 seq„
950 1057 981 1108 et
994 1045 1149 1130 fragmen·

56 1153 119 1202 tum
142 1142 233 1226 apud
254 1142 382 1203 saidam
401 1163 427 1202 s.
449 1163 481 1203 v.
502 1139 633 1224 χειρίζω
653 1155 808 1206 sucatum
829 1148 871 1227 (p.
894 1140 1027 1230 477.ed.
1040 1149 1090 1227 B.)
1109 1147 1150 1210 de

55 1243 230 1324 sumptibus
252 1241 452 1324 expeditionis
471 1243 614 1304 adversus
634 1242 809 1323 Vandalus,
824 1245 908 1327 quod
923 1257 1024 1307 tamen
1047 1250 1148 1330 ipaum

55 1362 153 1424 neque
176 1363 214 1401 ex
236 1341 356 1424 integro
377 1341 480 1402 codice
497 1342 644 1416 Candidi,
667 1361 766 1424 neque
786 1365 820 1405 ex
844 1342 953 1425 eclogia
972 1345 1042 1406 inde
1071 1346 1150 1428 peti⁴

56 1441 92 1501 tis
123 1463 145 1502 a
167 1437 267 1502 suida
288 1453 477 1522 assumptum
498 1452 563 1515 est,
595 1441 648 1504 sed
668 1461 703 1501 ex
724 1440 805 1518 alio,
842 1444 942 1503 neacio
963 1464 1045 1527 quo,
1075 1445 1151 1505 scri-

57 1551 155 1622 plora.
186 1541 316 1600 Etenim
340 1539 442 1601 nullus
461 1541 570 1600 horum
585 1539 798 1602 historicorum
818 1541 857 1602 ad
869 1542 986 1628 eclogas
1002 1545 1151 1606 Constan-

33 1631 35 1636 ’
57 1639 360 1701 tinianaaadhibitus
383 1639 462 1716 fuit,
484 1641 566 1701 unde
584 1642 688 1702 omnia
705 1641 738 1702 iu
758 1641 817 1703 boc
838 1663 946 1726 genere
965 1641 1017 1705 ille
1036 1643 1148 1705 hausit.

139 1839 387 1900 PROCOPIUS
409 1836 564 1920 sophista,
586 1842 670 1902 cuius
689 1843 876 1919 amionem,
899 1841 1098 1906 aVilloisone
1116 1846 1150 1906 in

60 1946 142 1999 tomo
156 1939 258 1999 altero
278 1938 508 2000 Anecdotorum
524 1940 712 2001 Graecorum
733 1961 768 2002 ex
788 1941 892 2003 codice
911 1943 1066 2004 Marciano
1086 1943 1150 2005 Ve-
1236 1935 1241 1944 ’

60 2049 130 2098 neto
150 2039 268 2100 editam
283 2039 322 2117 ⁵¹)
344 2036 417 2098 huic
438 2033 605 2100 collectioni
621 2037 732 2120 intuli,
753 2040 861 2101 affecto
876 2041 1004 2120 ⁸saeculo
1023 2063 1055 2122 p.
1073 2041 1148 2102 Chr.

60 2137 100 2197 V.
117 2139 220 2199 Gazae
242 2149 332 2198 natus
353 2147 417 2216 est,
438 2138 520 2221 quod
535 2141 702 2221 oppidum,
720 2140 790 2202 licet
810 2143 843 2200 in
858 2143 979 2201 remotis
993 2140 1152 2202 barbariae

62 2237 172 2298 linibus
189 2238 351 2319 positum,
388 2236 441 2298 illo
464 2259 538 2298 aevo
559 2239 742 2321 elegantium
763 2242 952 2322 ingeniorum
973 2243 1050 2300 mire
1070 2239 1152 2300 ferax

64 2337 145 2418 tuit,
166 2359 265 2420 quum
287 2347 406 2418 praeter
434 2336 515 2398 hunc
537 2339 741 2420 Procopium,
762 2339 895 2398 Aeneam
916 2338 1027 2415 ferret,
1049 2350 1079 2399 et
1103 2338 1154 2398 lo·

64 2435 199 2498 hannem
220 2431 448 2519 (φιῑὲκφρασιν
467 2437 524 2496 τοῦ
544 2437 698 2513 κοσμικοῦ
717 2437 847 2511 πίνακος
864 2435 998 2496 versibus
1019 2438 1154 2496 conseri·-

67 2539 141 2618 ps'rt)
151 2581 161 2614 ,
172 2535 412 2597 acTimotbeum
427 2536 600 2618 quendam,
616 2537 779 2618 variosque
786 2532 1076 2595 Anacreonticorum
1086 2557 1154 2596 ear·

67 2637 187 2696 minum
200 2647 305 2719 poetas
320 2637 379 2715 ⁵²),
395 2637 507 2719 quibus
529 2635 654 2708 sortasse
666 2655 729 2696 non
750 2636 854 2717 exigua
868 2655 938 2715 pars
955 2633 1077 2694 illorum
1096 2637 1153 2696 tri·

67 2734 190 2797 buenda
212 2748 257 2797 est
275 2757 354 2818 quae
381 2755 436 2818 per
462 2747 509 2796 tot
522 2747 640 2796 aetates
659 2756 715 2817 pro
729 2735 796 2794 Teii
816 2737 895 2796 vatis
909 2736 1033 2796 canticis
1054 2736 1155 2797 mirati

67 2848 138 2896 sunt
150 2835 292 2897 homines
306 2837 430 2896 minime
445 2833 529 2895 mali.
556 2835 692 2917 Speciem
713 2843 814 2895 autem
834 2851 912 2916 quae
919 2834 1095 2894 Fabricium
1105 2837 1155 2896 in·

68 2935 171 3014 duxit,
192 2946 229 2995 ut
249 2936 333 2996 hunc
355 2935 537 3017 Procopium
569 2937 689 3018 gemino
710 2936 832 2994 nomine
852 2933 1017 2994 Iohannem
1041 2933 1158 2995 Proco·

68 3039 153 3117 pium
173 3035 307 3113 dictum,
328 3045 542 3116 auctoremque
557 3028 740 3116 ἑκφράσεως
748 3033 829 3094 illius
840 3077 849 3112 ,
861 3053 986 3094 amoena
994 3053 1070 3094 vena
1081 3055 1158 3095 cou-

70 3135 174 3214 ditae,
197 3135 310 3207 fuisse,
324 3131 381 3194 sibi
393 3133 604 3216 persuaderet,
627 3153 738 3194 vanam
752 3153 835 3212 esse,
851 3134 1008 3214 positaque
1020 3135 1053 3192 in
1061 3131 1157 3193 Scho-

67 3233 108 3296 lio
130 3235 246 3296 codicia
278 3231 410 3294 Palatini
437 3235 516 3292 inter
540 3243 705 3314 utrumque
737 3252 848 3292 nomen
871 3231 1063 3292 distinctione
1094 3217 1157 3291 dis-

71 3333 271 3412 solvendam,
291 3333 367 3394 mihi
388 3351 483 3414 paene
494 3331 681 3417 exploratum
694 3341 751 3391 eat.
772 3331 969 3414 Fungebatur
979 3328 1042 3407 ille,
1062 3347 1159 3411 quum

70 3433 269 3494 Anastasium
290 3434 370 3515 Imp·
384 3429 504 3514 publice
519 3430 679 3508 laudabat,
701 3432 829 3492 oratoris
850 3449 976 3491 munere
995 3427 1027 3488 in
1048 3428 1159 3511 oppido

71 3534 123 3594 ubi
144 3543 238 3592 natue
258 3542 336 3610 erat,
356 3532 506 3614 stipendio
519 3531 685 3591 conductus
697 3529 759 3608 ὅθι
781 3549 843 3611 quo
857 3540 993 3608 tempore
1006 3547 1159 3610 paganum

73 3633 175 3692 adhuc
197 3630 341 3712 religione
362 3630 470 3704 fuisse,
493 3650 582 3695 nemo
602 3628 753 3690 dubitabit
774 3630 827 3708 qui
849 3648 942 3710 genus
956 3625 1107 3687 Anastasii
1119 3624 1160 3686 ab

73 3729 126 3792 illo
147 3731 188 3792 ad
210 3731 315 3790 lovem
336 3731 441 3792 referri
472 3729 635 3792 attenderit
654 3730 713 3806 ⁵⁴);
735 3748 796 3810 quo
820 3725 896 3786 nihil
924 3729 1019 3808 magis
1040 3725 1160 3786 abomi-

75 3831 213 3892 nandum
233 3831 338 3892 fnisset
357 3833 421 3893 eiua
438 3833 504 3891 aevi
524 3833 590 3892 viro
605 3827 789 3907 Christiano.
832 3824 942 3887 Postea
955 3837 1055 3886 autem
1069 3823 1161 3885 fidem

94 3996 139 4067 51)
156 3995 190 4048 V.
208 3997 268 4047 eiua
287 4001 456 4064 annotattp
482 3996 542 4048 θοι.
563 3991 604 4044 ed.
623 3993 651 4045 B.
679 3965 682 3972 Ι
725 3992 771 4063 52)
788 3989 907 4043 Fabricii
927 3988 996 4043 Bibl.
1015 3989 1062 4042 Gr.
1073 3983 1161 4040 uix.

147 4083 173 4135 p.
193 4069 254 4135 760.
275 4065 317 4122 ed.
336 4067 369 4117 Η.
448 4065 492 4136 53)
512 4063 582 4115 llinc
601 4052 741 4134 σοφιστὴς
759 4061 844 4127 Γάζης
861 4060 962 4116 dicitur
978 4063 1009 4114 lu
1030 4056 1162 4112 orationie

147 4137 337 4206 inscriptione.
409 4135 497 4206 501).
519 4135 589 4206 492,
610 4137 649 4204 ¹4·

111 4239 270 4313 Duippru,
288 4240 437 4313 Eutropius
460 4249 510 4292 ete·
953 4245 969 4286 ο
1049 4241 1052 4244 ’
