2734 4634
424 191 721 263 simulacris.

39 357 120 430 Quae
136 354 203 438 plus
220 357 375 440 corrupit,
398 375 489 438 quam
516 321 614 415 cetera
634 351 763 428 funera,
785 348 894 426 victos.

38 453 77 514 Et
91 467 202 518 mentes
220 457 322 517 avidas
336 454 417 516 orbis
431 451 614 534 consumpsit
633 459 759 533 egestas·
794 498 799 510 ι
844 515 847 521 ,

118 555 259 639 Principe
278 577 333 639 pro
347 556 427 618 iusto
449 562 545 616 taceat
560 551 629 633 quis
648 547 781 611 fulminis
797 547 895 610 iemsr
936 539 961 644 ’ἱ

39 651 114 712 Num
130 675 206 736 quos
226 676 289 716 non
308 653 402 716 ualent
414 651 509 714 robur
526 670 720 731 corrumpere
737 646 867 726 Martis,

40 751 96 813 Nec
115 764 160 816 tot
175 753 336 817 ductorum
360 751 544 816 circumdata
568 749 688 812 moenia
705 743 807 826 vallo,

38 851 147 914 Deiicit
169 852 228 916 hos
245 855 352 916 summi
365 853 507 936 genitoris
525 850 647 912 dextera
665 846 816 932 flagrans,

38 951 287 1014 iniustos'oontra
305 953 453 1034 praesenti
473 951 597 1012 nurnine
616 966 766 1032 pugnans.

38 1049 69 1108 Ο
91 1051 183 1131 pietas
199 1059 373 1132 praestem,
389 1059 455 1112 totu
478 1043 682 1110 memorabilis
700 1065 800 1122 aevo,

37 1147 100 1208 Pro
120 1169 178 1230 qua
198 1171 267 1210 cum
287 1152 385 1212 uentis
406 1149 560 1211 socnnmr
581 1144 695 1228 proelia
715 1143 845 1222 nimbis,

37 1245 160 1328 ignibus
171 1259 201 1308 et
220 1246 332 1331 rapidis
354 1257 511 1309 armantur
531 1243 653 1328 fulgura
669 1243 768 1321 bello,

38 1347 277 1430 Percutiuntque
296 1368 371 1410 sono
387 1365 530 1410 concussa
548 1346 682 1406 tonitrua
696 1353 826 1405 montes.

39 1445 121 1524 Quid
137 1456 326 1530 tempestates
345 1444 519 1508 memorabo
533 1441 673 1506 fluctibus
687 1453 788 1516 onas,

25 1545 138 1629 ¹Atque
154 1545 250 1607 bostis
262 1547 372 1629 Lyciae
392 1547 538 1627 proiectas
560 1543 661 1604 littore
678 1541 800 1604 elassis?

39 1647 119 1706 Cum
141 1647 207 1708 uice
233 1647 363 1707 Romani
387 1645 508 1708 functae
523 1653 594 1706 sunt
612 1642 717 1704 militis
731 1641 850 1716 undae,

38 1745 199 1828 Sceptriser
219 1756 250 1807 et
264 1746 342 1828 cepit
363 1742 470 1828 pelago
482 1753 634 1826 pugnante
648 1739 859 1824 triumphum

38 1844 152 1905 Omnia
168 1844 211 1905 sio
223 1841 333 1905 habuit
351 1845 450 1904 uirtus
477 1840 627 1905 elemento
643 1838 747 1902 saluti.

123 1944 198 2022 Quis
218 1952 333 2026 repetat
346 1943 458 2004 totiens
472 1943 551 2004 acies
570 1951 744 2022 stragesque
757 1947 891 2021 peractas
905 1979 917 2016 ,

36 2043 249 2125 Aequatasque
263 2040 327 2104 solo
344 2040 467 2104 sublimi
481 2043 611 2124 tegmine
626 2041 752 2100 turres?

38 2141 223 2224 Agminibns
232 2140 353 2202 domitis
370 2161 440 2204 cum
460 2150 546 2224 parte
562 2136 742 2202 cadentibus
760 2138 864 2218 omni,

39 2240 185 2302 Flumina
202 2238 357 2301 torrebant
377 2237 477 2302 fluviis
492 2249 609 2302 mutata
624 2238 762 2316 cruoris3

38 2343 85 2403 Et
105 2361 196 2423 prope
211 2340 387 2423 corporibus
408 2340 502 2421 raptis
525 2325 597 2400 sun't
615 2340 693 2398 ostia
709 2333 824 2398 clausa.

38 2441 131 2500 Tunc
150 2459 233 2499 mare
250 2438 377 2500 confuso
396 2437 533 2500 rutilavit
553 2435 699 2518 sanguine
720 2434 855 2513 uictum,

40 2538 86 2600 Et
105 2539 197 2599 saturi
209 2539 303 2619 pisces
322 2547 469 2619 tempsere
491 2533 639 2598 cadavera
654 2533 758 2616 plura.

126 2637 176 2697 Sic
191 2639 243 2718 qui
257 2636 420 2720 sperabant
436 2636 569 2718 captivas
586 2633 698 2696 ducere
709 2641 839 2706 manu,

40 2737 146 2820 Atque
162 2735 221 2796 frui
241 2733 345 2818 spoliis
365 2735 449 2796 urbis
465 2733 601 2816 sacrique
617 2731 710 2816 palati
727 2775 737 2810 ,

39 2840 86 2901 Et
107 2857 190 2918 reges
211 2837 342 2914 iter-urm,
360 2834 537 2896 infandum!
569 2855 601 2894 se
618 2832 746 2894 reddere
767 2830 875 2910 nobis,

39 2938 175 3004 Lumine
190 2956 259 2996 cum
275 2933 348 2996 caeli
363 2945 462 2996 terrae
478 2953 603 2994 caruere
618 2930 774 3015 sepulcris·

40 3039 89 3100 At
111 3034 218 3118 reliqui
235 3036 348 3118 patrias
366 3034 454 3096 aedes
471 3031 621 3115 urbesque
638 3027 837 3112 relinquunt,

42 3136 155 3198 Orbati
173 3134 269 3212 natis,
292 3133 427 3216 lugentes
450 3134 575 3217 pignora
595 3150 692 3207 cam

42 3236 169 3296 Moenia
193 3232 385 3311 subvertunt,
402 3251 610 3314 quaecumque
629 3227 794 3310 reliqueras
810 3227 901 3313 ignis,

41 3335 87 3394 Et
108 3335 159 3393 vix
177 3331 311 3393 aetherio
329 3351 442 3414 poenas
459 3350 579 3392 sensere
598 3327 732 3390 Tonanti

42 3433 185 3493 Reddere
200 3453 232 3492 se
246 3433 363 3508 iustas,
382 3439 555 3514 contempto
575 3427 657 3490 mille
674 3449 730 3510 per
750 3449 864 3507 annos,

40 3531 247 3612 Ultoremque
261 3531 361 3592 Deum
375 3541 443 3614 post
461 3529 561 3594 clades
577 3547 640 3590 esse
663 3527 819 3607 fatentur,

41 3635 153 3712 Atque
170 3633 217 3690 sui
239 3651 323 3691 casus
339 3651 370 3694 se
388 3651 508 3692 oausam
531 3628 607 3690 scire
630 3628 732 3690 finisse.

39 3729 107 3792 Sed
121 3741 224 3790 tamen
246 3729 375 3812 Augusti
391 3740 513 3814 superat
529 3727 688 3790 clementia
709 3737 837 3803 amota,

42 3832 110 3908 Qui
132 3839 242 3890 stratos
262 3827 395 3902 relevat,
417 3829 534 3900 domuit
554 3849 630 3911 quos
644 3828 743 3888 Marte
759 3821 929 3908 superbos,

42 3927 197 3995 Hostibus
216 3940 245 3990 et
261 3931 344 4012 pacis
360 3929 496 3992 concedit
517 3949 642 3990 munera
663 3927 767 4008 pacis,

43 4029 194 4098 (laudens
213 4050 295 4092 nunc
319 4047 456 4116 proceres
473 4049 593 4098 securos
610 4025 711 4126 (fidere
735 4027 815 4103 uita,

1016 155 1103 251 ‚521
