2734 4634
371 152 554 226 nauso
585 155 790 223 mareau.
826 236 831 245 ¹
1037 130 1118 246 ¹⁵9

38 316 132 389 ξσιεν.
171 310 304 397 ἄφίκετο
326 285 361 377 δέ
382 308 438 375 καί
455 310 542 397 παρά
562 312 621 378 τοῦ
639 313 779 397 Περσῶν
795 309 983 398 ναυάρχου,
1003 315 1069 379 τόν
1089 322 1263 397 essesut

34 414 114 493 παρ’
135 400 256 485 αότοός
276 406 533 495 καταφευγόντων
561 410 596 475 έν
623 412 681 476 rori
704 412 859 496 σφετέρου
884 407 998 487 ἔθνους
1014 413 1121 479 αἰτίαν
1132 391 1216 451 ¹¹¹‘l·³

33 506 169 593 ἔχουσα,
199 508 255 571 καί
274 510 337 595 τιόν
357 506 483 592 Μάγων
502 510 565 574 τοόν
584 510 618 575 όν
638 508 677 597 τῇ
699 509 871 588 Ῥωμαίων
888 513 930 598 γῇ
949 512 985 575 ἐκ
1003 518 1120 579 παλαι-

34 613 78 673 ῶν
98 606 273 673 οἰκούντων
290 604 428 692 χρόνων,
450 606 493 683 ὥς
514 601 647 692 άπάγειν
668 606 786 687 αότοός
804 611 867 675 τάν
881 610 1023 693 ’πατρίαω
1036 614 1120 680 ἔθυόν

17 711 89 779 isui
105 704 214 789 νόμων
228 706 389 785 ἐθέλοντες
408 708 463 771 καί
480 711 538 791 τῆς
558 706 631 793 περί
647 707 682 772 τό
705 712 792 774 θεῖον
811 702 981 793 άγιστειόις,
1001 735 1120 798 παρεν-

34 808 174 891 οχλοῦσί
188 829 224 873 τε
244 805 332 873 έσαεί
350 808 406 873 καί
425 800 633 885 όνακαίεσθαι
653 804 733 874 κατά
759 806 815 875 τόν
841 805 959 891 θεσμόν
978 807 1019 873 οδ
1047 832 1119 897 συγ·

28 909 181 991 χωροῦσι
199 903 233 971 τό
262 908 338 991 παρ’
357 908 467 981 αδτοῖς
494 900 648 988 ἄσβεστον
663 906 856 989 κωλυόμενον
874 909 959 994 πῦρ.
998 913 1055 975 καί
1074 910 1120 986 ιός

30 1004 98 1089 χρὴ
121 1005 184 1068 τοῦ
205 1004 422 1090 Ἰουρσειπαάχ
446 1007 604 1091 φρουρίου
632 1006 687 1070 ε’πί
711 1009 776 1072 τοῖν
793 1004 952 1073 Κασπίων
973 1012 1118 1090 κειμένου
1173 1088 1182 1097 ι

31 1104 146 1169 πυλῶν
162 1100 314 1189 χρήματα
332 1106 544 1189 χορηγοῦντας
567 1104 751 1185 Ῥωμαιοις
777 1110 940 1171 ποιεῖσθαι
954 1106 1143 1188 ‚iutuitu-c

12 1226 93 1281 σαν,
121 1194 240 1285 ἢγαόν
258 1198 335 1280 τούς
364 1203 606 1288 φρουρήσαντας
635 1196 714 1267 αότό
745 1204 940 1285 στρατιώτας
970 1208 1119 1289 στέλλειν,

31 1301 94 1365 καί
112 1299 159 1385 μὴ
177 1295 292 1382 μόνους
312 1298 433 1390 δαπάνῃ
460 1303 516 1365 καί
539 1302 664 1388 φυλακῇ
683 1304 743 1367 sori
759 1305 889 1388 χωρίου
904 1301 1118 1388 βαρύνεσθαι·

31 1402 66 1465 εί
84 1396 147 1481 γάρ
165 1394 293 1479 ἐνδοῖεν,
317 1396 372 1464 οὐκ
393 1395 437 1477 είς
446 1401 577 1483 Πέρσας
595 1397 720 1487 μόνους,
741 1398 823 1483 όλλά
844 1402 899 1465 καί
917 1403 962 1479 τίς
976 1402 1121 1483 Ῥωμαί-
1166 1462 1171 1479 ,

32 1523 92 1575 ους
110 1496 155 1563 τά
176 1500 212 1563 ἐκ
229 1499 290 1563 τάν
309 1493 544 1585 παροικούντων
562 1501 668 1565 ε’θναόν
687 1495 770 1565 κακά
796 1498 915 1589 ῥᾳδίως
935 1499 1120 1588 ἀφικέσθαι

30 1602 157 1683 χρῆναι
177 1599 223 1663 ’δὲ
250 1596 368 1673 αδτοός
396 1595 502 1682 ἔλεγον
527 1599 584 1669 καί
610 1596 772 1684 χρήμασιν
799 1601 977 1686 ἐπικουρεῖν
1004 1603 1060 1667 όπί
1076 1607 1121 1690 τῷ

14 1696 117 1783 ὅπρός
141 1688 282 1773 Οόννους
302 1699 425 1784 πολέμῳ
445 1694 521 1773 τούς
539 1698 722 1783 Κιδαρίτας
746 1698 945 1783 λεγομένους·
987 1696 1120 1783 ἔσεσθαι

29 1796 95 1883 γάρ
117 1820 232 1883 σφισιν
251 1790 358 1861 sireis
378 1792 534 1861 νικάντων
556 1788 683 1881 όνφσιν,
710 1792 757 1881 μὴ
778 1802 1043 1883 συγχωρουμένου
1061 1800 1120 1865 sori

28 1896 152 1971 ἔθνους
170 1896 227 1959 καί
244 1895 289 1971 είς
307 1890 365 1978 τὴν
384 1891 569 1980 Ῥωμαϊκὴν
588 1897 764 1978 διαβαίνειν
783 1894 1001 1982 ἐπικράτειαν.
1039 1895 1120 1963 πάν-

27 2020 100 2080 των
119 1996 158 2060 δέ
177 1995 266 2077 ἕνεκα
289 1991 461 2074 Ῥωμαίων
489 1994 748 2080 ἀποκριναμένων
774 1998 914 2064 στέλλειν
936 1993 994 2066 τόν
1014 1997 1122 2063 διαλε-

29 2094 170 2175 ξόμενον
197 2094 241 2181 τῷ
260 2092 444 2181 Παρθυαίφ
473 2091 634 2181 μονάρχῃ·
675 2091 757 2178 μήτε
783 2090 845 2179 γάρ
871 2092 1018 2182 φυγάδας
1035 2090 1203 2164 rimatos

16 2188 123 2279 ιαρά
144 2214 257 2277 σφισι,
277 2189 355 2276 μήτε
375 2196 638 2276 παρενοχλεῖσθαι
657 2189 733 2268 τούς
743 2189 880 2275 Μάγους
897 2195 954 2279 τῆς
971 2198 1152 2280 θρησκεί-Ι)

29 2318 72 2371 ας
96 2294 192 2377 πέρι·
234 2287 292 2375 τὴν
313 2286 456 2377 φυλακὴν
478 2291 513 2354 δέ
540 2295 599 2355 τοῦ
633 2288 854 2377 Ἰαυροειπαάχ
885 2296 1041 2377 φρουρίω
1068 2295 1125 2357 καί

1128 462 1239 541 Leom9

27 2389 177 2475 πόλεμον
196 2388 252 2456 τόν
272 2386 351 2477 πρός
370 2386 445 2465 roris
466 2380 602 2466 Οόννους
624 2389 705 2475 όπέρ
734 2392 828 2476 σφάν
847 2389 952 2457 αὐτόν
974 2390 1125 2457 α’ναδεδε-

106 2517 210 2589 3.’τδν
232 2532 267 2589 o
283 2533 393 2597 Vries,
410 2536 459 2587 καλ
485 2534 542 2585 ταῖν
562 2532 594 2587 ἐν
619 2534 692 2604 vulg.
793 2532 817 2587 5.
845 2532 991 2593 &Mones
1014 2543 1044 2588 et
1058 2551 1123 2590 mox

106 2606 324 2727 mill
347 2602 615 2728 ulutatum
639 2602 1050 2729 {frustremini
1064 2611 1122 2730 rt

106 2746 180 2815 vulg-
200 2746 272 2799 inira
290 2714 338 2799 liri.
358 2764 400 2800 ss.
423 2752 452 2797 et
469 2761 528 2815 pag.
552 2693 607 2801 1861.
632 2690 1033 2817 1ἰιι.τι.,ροδροειχσάχετιιλς.
1081 2765 1146 2805 ss..

101 2817 226 2893 μόνους]
242 2814 352 2889 μόνους
373 2814 450 2887 σφᾶς
468 2814 530 2869 coni
558 2817 585 2869 B.
660 2834 698 2885 ιφ
716 2818 898 2887 Παρθυαίων
915 2817 985 2870 coni.
1005 2818 1038 2871 N.

26 2956 135 3017 batur,
154 2960 185 3005 et
202 2948 277 3024 quod
295 2948 407 3001 Romani
425 2948 536 3019 Magos,
561 2950 610 3019 qui
629 2948 683 3001 iarn
704 2947 769 3000 inde
793 2968 810 3003 a
829 2950 925 3021 priscis
952 2949 1121 3021 temporibus

26 3042 134 3079 eorum
159 3024 257 3076 finium
285 3021 393 3073 incolae
423 3028 529 3083 essent,
556 3034 571 3071 s
598 3021 695 3089 patriis
717 3020 840 3073 moribus
875 3030 904 3075 et
928 3022 1062 3075 institutis
1092 3032 1122 3077 et

26 3098 155 3165 antiquo
179 3092 319 3163 religionis
343 3092 418 3144 cultu
440 3088 600 3152 abdueturi,
629 3090 725 3163 quovis
754 3092 859 3143 ratione
875 3101 1017 3156 vexarent,
1043 3101 1072 3146 et
1096 3095 1123 3143 i-

25 3185 134 3235 guem,
159 3164 209 3234 qui
228 3162 300 3233 apud
319 3178 364 3214 eos
382 3170 523 3215 vocaretur
539 3159 779 3229 inextinguibilis,
797 3162 1005 3231 inperpetuum
1025 3164 1122 3217 ardere

24 3234 192 3290 secundum
210 3234 296 3303 legem
313 3250 368 3285 non
387 3232 516 3285 sinerent.
551 3230 712 3294 Addebant,
730 3248 849 3302 aequum
865 3231 969 3298 sideri,
987 3233 1121 3285 Romanos

26 3305 142 3361 castelli
163 3302 316 3367 ieronach,
330 3302 366 3353 ad
382 3311 474 3373 portas
485 3301 594 3371 Caspias
612 3302 676 3366 siti,
696 3318 788 3354 curam
806 3301 924 3367 habere,
943 3312 971 3355 et
988 3300 1125 3373 pecunias

23 3380 62 3432 ad
83 3375 165 3429 illud
186 3374 397 3428 conservandum
416 3372 551 3437 conferre,
576 3388 665 3445 neque
684 3388 714 3424 se
741 3373 814 3425 solos
832 3373 966 3425 sumtibus
994 3382 1022 3425 et
1049 3372 1121 3425 areis
1220 3391 1251 3443 Q

24 3446 165 3503 custodia
191 3446 304 3513 gravari.
341 3444 370 3497 Si
399 3446 472 3495 enim
494 3445 640 3505 cesserint,
664 3460 720 3495 non
740 3443 829 3496 solum
851 3444 880 3495 in
897 3445 1053 3506 Persarum,
1070 3444 1121 3496 sed

23 3524 121 3575 etiam
142 3518 173 3568 in
193 3516 374 3568 Romanorum
392 3522 476 3567 terres
502 3530 517 3563 a
543 3512 666 3566 finitimis
691 3512 819 3582 gentibus
845 3514 926 3567 facile
955 3514 1120 3568 vastationes

23 3588 136 3645 inferri
159 3602 251 3657 posse.
287 3589 421 3655 Oportere
449 3586 535 3636 etiam
555 3598 584 3635 ιο
602 3584 690 3637 iuvari
708 3586 833 3653 pecuniis
852 3584 888 3635 ad
904 3581 1008 3635 bellum
1026 3592 1121 3638 contra

23 3662 154 3713 llunuos
174 3656 309 3709 Cidarims
328 3654 473 3726 gerendum
484 3694 492 3721 ,
509 3671 542 3706 ex
561 3672 615 3725 quo
635 3656 748 3707 Romani
766 3670 878 3725 quoque
902 3661 993 3705 essent
1015 3656 1123 3709 utilita-

24 3742 84 3784 tem
114 3747 147 3781 re
168 3730 302 3789 ortatnri,
327 3728 350 3779 si
379 3744 409 3777 eu
426 3743 489 3794 gens
514 3744 528 3775 a
555 3724 655 3777 linibus
682 3724 802 3794 ipsorum
828 3731 971 3777 arceretur.
1006 3726 1122 3779 Romani

24 3748 259 3871 remouit-runt,
285 3812 314 3847 se
339 3800 538 3869 quamprimum
555 3794 657 3864 legatos
675 3798 817 3854 missuros,
847 3792 915 3846 haec
940 3798 1031 3847 omnia
1058 3812 1122 3849 eum

25 3872 202 3928 Parthorum
227 3884 290 3938 rege
313 3866 516 3937 disceptaturos.
558 3864 654 3935 Neque
680 3869 754 3918 eninr
773 3866 843 3916 ullos
860 3864 933 3935 apud
952 3883 980 3919 se
1001 3884 1059 3919 esse
1077 3866 1122 3915 su-

28 3948 152 4013 gitivos,
175 3956 267 4009 neque
277 3938 369 4007 Magos
383 3939 411 3991 in
431 3954 494 3989 surae
514 3936 653 4005 religionis
670 3938 745 3988 cultu
762 3934 898 4004 impediri.
919 3936 1011 4007 Quum
1030 3945 1122 3988 autem

28 4015 87 4087 ipsi
108 4010 265 4067 custodiam
285 4008 389 4063 castelli
415 4008 547 4065 lerouuclr
576 4014 604 4061 et
621 4006 723 4085 bellum
740 4014 834 4059 contra
852 4008 966 4061 Hunnos
989 4005 1121 4060 Cidaritas
