2734 4634
280 42 366 131 526
558 62 758 134 missuro
786 63 1081 129 rsnucnnrcos.

281 230 344 293 Nec
363 231 447 315 prius
466 229 575 291 enituit
599 228 716 309 pictos,
735 245 828 309 quem
847 233 927 289 tectu
946 220 1063 297 utun.

280 328 328 393 Ex
348 332 500 412 insperato
519 324 642 389 dederat
661 346 753 409 quum
771 325 894 386 Numen
914 321 1050 405 Olympi.
1299 314 1346 383 ²85

281 429 349 491 lloc
368 448 419 490 rex
441 429 629 510 omnipotens
647 426 679 487 iu
699 423 788 485 vobis
806 425 870 505 ipse
891 421 1052 505 probavit,

281 528 345 608 Qui
364 529 479 612 peperit
497 524 668 603 mundum,
689 524 742 607 qui
765 521 878 584 lumine
898 530 1008 583 cisum
1026 530 1153 598 cumr,

156 637 162 655 “
282 629 382 707 Quem
402 626 536 690 recolens
555 624 656 687 animo
676 622 830 685 venereris
847 628 967 704 tempus
984 622 1017 683 in
1035 638 1125 683 omne
1135 664 1148 700 ,

282 726 464 812 Pignoribus
485 725 582 808 dignis
599 722 758 785 deorum
775 722 927 805 sunguiu‘u
946 722 1023 803 epti.

364 825 439 887 Num
459 824 533 909 quid
553 842 787 885 commemorem
804 821 895 885 Pauli
915 818 1072 881 mitissime
1090 818 1213 899 cordo,

283 926 383 1004 Quem
402 924 458 986 tibi
478 923 632 1006 coniungit
651 923 806 985 munimen
827 919 926 981 lundis
942 918 1102 999 honestos,

280 1024 349 1085 Non
367 1021 464 1086 solum
484 1025 600 1108 generis
619 1022 784 1087 venerandi
802 1018 925 1083 vincula
947 1024 1061 1082 seem?
1147 1046 1152 1055 ⁴

281 1122 361 1185 Num
380 1145 478 1185 mores
497 1124 633 1207 sequitur
652 1123 819 1187 mediocres
838 1130 959 1203 pectore
978 1129 1073 1181 msto.

365 1224 430 1287 Ore
449 1244 555 1286 canam
575 1242 709 1309 qucum
728 1222 847 1306 pietatis
868 1219 1001 1281 dulmine
1020 1228 1142 1300 tantae,

284 1322 355 1402 Qun
371 1322 472 1386 lintris
493 1332 578 1387 natos
598 1324 700 1385 enimc
719 1319 925 1405 complecteris
944 1340 1065 1403 aequm

283 1422 350 1487 Non
372 1426 473 1507 putrui
490 1434 632 1503 tantum‚
650 1420 704 1484 sed
720 1424 813 1505 putris
829 1441 914 1483 more
930 1418 1077 1481 colendo?

289 1523 395 1585 Indole
413 1544 489 1606 quos
512 1525 610 1585 nutris
626 1521 733 1607 dignos
751 1532 782 1583 ct
802 1523 896 1604 stirpe
915 1532 1087 1603 parentum·

283 1620 407 1704 Hypani
422 1624 514 1683 vestri
531 1622 659 1685 referam
675 1622 833 1683 fortissima
852 1622 947 1696 lactu,

283 1722 346 1799 Qui
367 1720 523 1805 Scythicus
542 1732 643 1805 gentes
666 1723 740 1803 ripis
759 1720 882 1803 depellit
898 1720 938 1781 nb
957 1721 1071 1799 Histri,

283 1822 383 1903 Quem
396 1820 473 1881 vidit
488 1819 624 1882 validum
638 1820 788 1896 Parthus,
811 1821 963 1903 sensitque
977 1819 1174 1884 timendum?
1312 1816 1325 1834 “

368 1918 451 1997 Quns
467 1918 569 1981 laudes
585 1922 706 1981 meritos
722 1920 877 2003 Augustae
899 1920 998 1981 dicere
1019 1922 1159 2002 possim?

282 2016 400 2081 Auctor
421 2039 499 2101 quae
516 2018 613 2081 fiserat
633 2030 789 2082 tentorum
802 2031 834 2082 et
853 2042 942 2082 ceusu
965 2020 1135 2097 honorum,

283 2118 369 2179 Dum
384 2118 516 2203 petrium
539 2122 639 2183 munit
660 2130 723 2181 tem
739 2120 827 2182 firmo
848 2121 983 2203 principe
1001 2140 1148 2202 regnum,

284 2216 496 2301 Permittitque
513 2222 581 2281 viro
599 2219 748 2282 muudum
765 2242 888 2303 seseque
905 2221 1063 2282 tuendum·
1089 2268 1096 2283 Ι

284 2314 331 2381 Ex
354 2320 436 2380 omui
453 2340 556 2381 seusun
570 2322 681 2383 invicte
698 2322 839 2404 cupidine
854 2342 968 2405 prava,

283 2416 470 2481 Cuiusfarnu
484 2419 551 2501 pise
574 2419 717 2503 vulgatur
740 2423 773 2481 in
792 2421 1019 2483 omnibuscris.

284 2513 359 2579 Plus
379 2517 449 2579 fecit
471 2538 563 2600 quem
586 2520 668 2602 quod
686 2541 773 2582 sexus
792 2530 975 2582 concesserat
992 2519 1061 2597 illi,

285 2611 421 2675 Provida
437 2636 507 2677 curu
527 2626 646 2679 tantum
665 2620 804 2681 Romano
827 2620 942 2702 proluit
960 2619 1037 2682 orbi.

368 2714 510 2795 Numen,
531 2717 613 2800 quod
634 2718 776 2798 caelum,
797 2729 909 2781 mnam
933 2729 1120 2803 pontumque
1138 2716 1272 2790 revisit,

285 2812 429 2877 Ausoniis
443 2828 542 2878 servet
563 2820 663 2901 regnis
680 2818 755 2879 hoec
769 2841 897 2881 munera
911 2840 1046 2901 semper,
1138 2865 1148 2886 .
1312 2810 1353 2871 5¹⁰

285 2912 505 2999 Barbariaeque
519 2916 599 2978 ferae
620 2920 740 3001 capiunt
764 2923 834 3002 iugo
851 2940 923 2981 vere
941 2920 1101 2999 arbactus,

290 3012 429 3095 Votaque
446 3016 604 3079 firmentur
619 3018 725 3102 populi
747 3021 903 3102 mnotique
921 3030 1053 3083 senatus.
