2734 4634
185 102 283 166 m]
613 100 668 164 DE
693 98 843 166 mmo.

187 257 299 341 βριθὲς
321 253 386 319 τῶν
407 247 507 315 πάλαι
526 251 586 332 μέν
605 255 865 339 φρουμενταριων
880 253 939 318 νύν
955 254 993 320 δέ
1011 259 1270 343 μαγιστριανῶν,

153 437 155 440 ¹
184 353 242 439 τήν
268 375 302 418 τε
327 352 390 417 τῶν
420 344 524 415 ὁπλων
550 350 748 438 κατασκευὴν
774 356 831 418 καί
854 354 1023 436 ἐξουσίαν,
1053 355 1123 420 αλλ’
1143 353 1194 422 ἔτι
1210 361 1271 424 m*

184 450 242 537 τὴν
271 454 335 518 τῶν
362 453 527 518 πολιτικῶν
557 448 771 534 πραγμάτων·
806 450 863 518 καί
892 448 1107 539 διαφερόντως
1129 458 1270 541 Πέτρος

186 544 295 633 οὗτος,
316 549 334 614 ὁ
354 548 464 631 πολύς,
486 548 505 612 ὁ
524 548 637 634 μηδενί
654 561 725 628 ταῖς
743 551 872 638 άρεταῐς
891 549 1089 637 κατάμηδέν
1109 553 1271 640 δεύτερος.

187 647 337 730 διασῶζει
368 653 426 734 μὲν
447 647 509 735 γάρ
531 649 586 714 καί
607 660 746 736 φρουρεῖ
755 651 822 736 τὴν.
835 645 956 735 αύλην,
985 654 1042 718 καί
1058 649 1115 736 τὴν
1128 652 1275 734 Ῥωμαῖ-

185 773 242 836 κην
261 750 320 814 σύκ
341 743 493 816 άποπτύει
511 747 761 835 μεγαλειότητα,
788 748 828 836 ἢν
845 747 939 834 ε’γγύς
957 747 1153 836 άπσλομένην
1172 754 1272 835 α’βελ-

185 851 274 940 τερίρι
287 853 350 918 τῶν
366 847 427 937 πρὸ
448 849 559 932 αύτού,
579 841 631 914 οἷα
646 848 748 936 σαφὸς
762 853 818 915 καί
834 846 892 914 διά
914 846 1028 926 παντὸς
1045 857 1111 926 τοῖς
1131 854 1270 934 βιβλιλιις

183 952 409 1034 προσανέχων,
444 943 685 1034 άπακαθιστησι.
725 946 800 1027 τούς
828 950 865 1014 δὲ
890 945 1006 1030 νόμους
1033 948 1148 1033 είδιὸς,
1176 947 1268 1038 εἴπερ

184 1071 232 1122 τις
251 1039 362 1128 άλλσς,
395 1042 442 1120 οἷς
468 1050 503 1127 έξ
527 1049 659 1114 ἁπαλῶν
687 1045 811 1132 α’νύχων
838 1046 1001 1134 άνετράφη
1028 1048 1068 1137 (Ι.
1088 1051 1187 1134 ίνετρ.
1210 1051 1269 1136 Ν.)

185 1149 367 1232 συνηγορῶν
379 1154 443 1222 τοῖς
456 1148 622 1230 δεομένοις,
642 1139 752 1232 άρχων
768 1169 803 1216 τε
815 1148 971 1230 μέγιστος,
990 1145 1047 1212 καί
1057 1147 1148 1225 άξίαν
1160 1141 1271 1233 ύφρύν

184 1247 241 1330 τῆς
262 1247 403 1323 ἐξουσίαις
421 1246 593 1312 διατείνων
613 1246 761 1332 ἐδείχθη,
794 1248 849 1312 καί
868 1243 1017 1331 δικαστὴς
1035 1243 1125 1328 σ’ξύς,
1152 1248 1209 1312 καί
1227 1243 1266 1310 τὸ

184 1347 307 1410 δίκαιον
331 1347 448 1430 κριύειν
482 1345 658 1429 εἰλικρινῶς
689 1342 915 1426 ἐπιστάμενος,
946 1343 1026 1412 κατά
1047 1347 1149 1432 μηδὲν
1168 1340 1272 1411 aaran

184 1437 397 1528 ύπτιαζσύσης
415 1440 473 1527 τῆς
491 1441 599 1529 τύχης.
638 1447 738 1531 πρρῖος
765 1446 826 1526 μὲν
843 1441 905 1528 γάρ
926 1445 995 1509 έστι
1014 1442 1072 1510 καί
1087 1446 1270 1526 μειλίχιος·

185 1541 255 1606 ἄλλ’
285 1541 343 1605 αύκ
364 1541 522 1628 εὐχερὴς,
554 1543 630 1609 ούδδ
663 1541 743 1622 πρὸς
768 1539 826 1622 τάς
855 1537 990 1627 αἰτήσεις
1009 1539 1070 1622 ἔξω
1089 1544 1149 1608 τού
1167 1539 1273 1624 νόμου

183 1639 421 1733 καμπτόμενος·
447 1641 595 1729 άσφαλῆς
616 1645 652 1708 δὲ
673 1639 778 1726 ὁμού,
809 1644 865 1708 καί
882 1645 1067 1727 περιβλέπων
1087 1639 1143 1719 τάς
1164 1639 1274 1728 ὁρμάς

183 1742 245 1807 τῶν
265 1737 477 1826 προσιόντων·
498 1743 619 1826 μηδένα
638 1740 750 1827 καιρὸν
769 1749 839 1818 ταῖς
860 1739 1036 1828 ῥᾳθυμίαις
1055 1744 1271 1826 παραχωρῶν·

182 1835 241 1924 τήν
257 1842 317 1921 μὲν
336 1839 434 1906 νύκτα
455 1851 519 1916 τοῖς
538 1843 701 1923 βιβλίοις,
729 1838 789 1924 τήν
815 1843 852 1904 δέ
871 1837 994 1924 ἡμέραν
1012 1849 1078 1915 τοῖς
1101 1838 1272 1924 πράγμασι
1316 1875 1321 1884 ·

181 1941 356 2022 έγκείμενσς
367 1989 378 2022 ,
397 1942 480 2026 μηδὲ
507 1940 606 2024 αύτην
635 1938 694 2024 τὴν
722 1941 821 2026 μέχρι
840 1942 896 2023 τῆς
917 1938 1016 2021 αύλῆς
1036 1941 1071 2003 ἐκ
1090 1942 1145 2022 τῆς
1167 1938 1274 2016 οἰκίας

182 2038 217 2104 ἐν
242 2033 381 2120 ὁμιλίαις
411 2040 605 2124 διασυρίζων
634 2036 762 2122 ἁπλῶς,
788 2037 947 2124 ζητήμασι
974 2040 1010 2104 δὲ
1030 2044 1179 2121 λογικοῖς,
1210 2038 1273 2104 καί

185 2137 364 2223 άφηγησεσι
375 2134 566 2224 πραγμάτων
576 2141 793 2224 ἀρχαιοτέρων
802 2135 881 2219 μετά
894 2138 956 2202 τῶν
975 2139 1051 2222 περί
1069 2140 1168 2202 ταῦτα
1188 2159 1271 2219 σχο-

182 2231 343 2314 λαζόντων
373 2234 559 2318 εἱλούμενος.
582 2241 637 2302 καί
666 2235 777 2323 καιρὸς
809 2233 913 2312 οὐδεὶς
944 2237 1031 2324 αύτῷ
1066 2230 1272 2320 διδαγμάκων

182 2335 267 2402 ἐστίν
287 2337 482 2420 α’μέριμνος·
520 2335 564 2413 ῶς
581 2335 657 2412 τούς
678 2340 741 2403 τῶν
760 2331 863 2421 λύγων
882 2332 1030 2420 ἐξηγητάς
1051 2336 1187 2400 δεδιέναι
1204 2331 1269 2418 τὴν

183 2433 264 2520 πρὸς
291 2430 391 2500 αύτύν
419 2437 591 2519 ἐντυχίαν·
625 2435 790 2522 πράγμασι
816 2433 879 2521 γάρ
903 2431 1020 2508 αύτούς
1038 2432 1093 2498 καί
1112 2442 1270 2519 στροφαῖς

181 2531 373 2620 περιβάλλει,
394 2535 531 2618 μετρίας
550 2534 749 2618 ύπελέγχων,
771 2534 814 2610 ῶς
834 2537 969 2616 λέγοιντο
990 2529 1108 2615 μόνον,
1127 2529 1184 2596 οὐκ
1203 2529 1271 2598 εἶσί

182 2636 220 2700 δὲ
242 2633 380 2700 τοιούτυι
401 2627 527 2708 ὁποίους
549 2631 663 2708 αύτούς
685 2632 707 2716 ἦ
730 2631 822 2719 φήμη
843 2633 1039 2717 διαθρυλλεῖ.
1058 2631 1131 2714 ἐμαί
1154 2632 1189 2697 δὲ
1200 2629 1270 2713 μα’-

181 2740 273 2798 λιστα
301 2731 494 2806 σκοτοδινίας
520 2725 558 2794 ού
586 2730 704 2818 μικράς
735 2729 919 2813 οἱνακινεϊηΙι
940 2727 1021 2814 πρός
1042 2723 1139 2794 αύτὸν
1169 2729 1270 2814 συνή-

181 2836 279 2896 θεια·
317 2831 424 2914 χαίρω
452 2829 513 2914 γάρ
537 2830 624 2920 αύτῷ
644 2825 697 2896 ὁτι
714 2827 809 2906 καλάς
830 2823 900 2911 ἅμα
922 2829 978 2892 καί
995 2825 1182 2914 ἐλεύθερος,
1210 2825 1270 2893 καί

181 2925 286 3014 τύφου
308 2930 365 2994 καί
383 2928 515 3015 κορύζης
535 2928 643 3010 ε’κτὸς,
675 2926 803 3004 άστεῑός
823 2951 857 2992 τε
877 2926 933 2992 καί
950 2923 1067 3002 κοινάς·
1105 2928 1174 2992 ἀλλ’
1196 2927 1267 2995 ἐπι-

185 3027 264 3093 σείει
284 3049 341 3109 μοι
361 3027 404 3104 ῶς
423 3025 565 3111 εἴρηται,
591 3029 758 3112 φροντίδας
788 3026 827 3092 ού
846 3024 979 3112 μικράς,
1012 3027 1112 3112 μηδὲν
1133 3015 1177 3092 ῶν
1197 3025 1269 3093 ε’πί·

183 3131 322 3198 στασθαι
344 3127 426 3192 δοκῶ
446 3131 615 3208 προτείνων
634 3129 680 3202 εἰς
704 3125 850 3212 ζήτησιν,
879 3124 918 3191 τά
941 3128 977 3191 δέ
996 3126 1156 3200 παντελῶς
1174 3125 1269 3209 η’γνοι

181 3228 283 3311 ημένα
302 3221 518 3311 παρεισάγων·
550 3219 627 3290 ῶστε
659 3250 701 3309 με
728 3224 787 3305 τάς
808 3228 919 3292 πασῶν
939 3221 1149 3311 ἰσχυροτάτας
1168 3217 1269 3307 εύχάς

181 3326 330 3418 μελετῶν,
349 3325 508 3410 μηδεμίαν
527 3321 624 3392 αύτὸυ
645 3320 765 3410 άβατσν
784 3327 877 3410 ε’μσί,
902 3319 1008 3412 ῶσπερ
1030 3323 1166 3406 εἴωθεν,
1195 3326 1268 3390 ἑπι-

179 3426 326 3511 ροιζῆσαι
347 3427 496 3509 θεωρίαν.

261 3526 447 3605 Ρεοεοειυε,
471 3525 556 3589 (ἕαδε
581 3526 605 3586 1.
631 3528 660 3589 3.
679 3528 710 3589 in
727 3528 772 3590 f.:
802 3525 840 3592 ‘0
860 3522 1011 3608 βασιλεύς
1039 3523 1189 3607 Πέτρον,
1205 3520 1267 3587 Ἰλ-

179 3617 291 3704 λυριὸν
311 3619 347 3687 τὸ
370 3624 479 3703 γένος,
512 3623 546 3684 ἐκ
576 3622 804 3710 Θεσσαλονίκης
827 3619 1032 3709 ὁρμώμενον,
1053 3623 1086 3696 ἐς
1105 3619 1162 3705 τὴν
1181 3621 1265 3686 Ἰτα-

180 3723 252 3786 λίαν
283 3719 384 3796 ειῖθύς
410 3719 573 3804 ἔστελλεν,
602 3720 657 3788 ἕνα
675 3725 735 3804 μὲν
756 3717 832 3790 ὄντα
852 3727 917 3790 τῶν
935 3725 970 3786 ἑν
989 3721 1155 3808 Βυζαντίῳ
1177 3718 1267 3806 ῥητά-
1346 3796 1347 3799 ¹

179 3845 244 3904 ρων
251 3872 261 3902 ,
295 3813 397 3895 άλλως
419 3822 453 3885 δὲ
474 3819 598 3896 ξυνετόν
620 3821 728 3888 τεκαὶ
748 3827 849 3910 πρᾷον
869 3823 924 3888 καί
942 3824 975 3896 ἒς
993 3817 1028 3885 τὸ
1049 3823 1172 3886 πείθειν
1193 3818 1264 3886 ixa«

179 3919 231 3985 νὸν
253 3915 424 4004 πεφυκότα.

260 4023 363 4100 Idem,
386 4025 529 4088 Αιιιειίοε.
551 4026 624 4105 24:
659 4021 784 4106 Πέτρος
811 4020 865 4088 τὸν
886 4016 1010 4090 ἅπαντα
1038 4016 1150 4108 χρὸνον
1169 4017 1261 4106 ἡνίκα
