2734 4634
210 255 252 317 ru
278 245 491 318 manners
517 251 573 316 na
600 249 907 324 mennonium.
1008 200 1092 348 567

34 407 113 466 Totas
133 406 182 468 hic
203 403 286 468 loeus
305 409 432 489 pressim
451 417 589 488 aceeptus
610 417 654 467 est
674 408 714 468 ab
734 408 914 494 iuterpretc,
935 433 1025 497 quem
1040 436 1096 498 ego

34 493 59 550 ic
83 493 282 574 interpretor:
315 490 419 552 Petrus
447 504 549 550 contra
573 490 742 575 respondtit
767 493 811 554 Id
836 496 954 580 quidem
975 482 1097 560 minime

34 575 152 654 omigit,
183 587 341 658 propterea
370 574 451 658 quod
471 571 567 633 Seiani
587 595 608 633 a
626 575 709 634 nobis
736 597 796 636 non
816 577 1002 658 deficerent,
1030 602 1097 641 αισι

34 655 95 716 lazi
115 657 197 718 nobis
219 659 371 716 aaronem.
419 655 488 716 Hoc
507 653 744 738 eginarqffirmo,
760 680 1022 728 seruasseraorum
1043 679 1100 726 no·

34 751 143 800 tmrwn
162 741 282 799 numme
300 761 322 800 α
341 739 422 799 nobis
442 739 589 818 defecisse.

103 824 183 904 Peg.
212 819 277 906 147.
297 821 366 900 C.[
410 822 438 896 3,
466 820 527 904 r3.]
550 815 636 900 ὅμως
661 820 689 882 d'
707 809 764 884 ode
778 822 925 886 ἐπίστατο
941 824 1100 909 Πέρσαις.

34 903 125 966 'oribe
153 903 327 967 ἐσπείσατο.
369 822 455 964 liaeo
481 904 588 986 legatio
611 905 697 965 Petri
718 907 839 966 Patricii
859 907 1025 991 foedusque
1039 912 1103 972 Ro·

34 1006 181 1048 nanorum
209 1007 279 1047 eum
302 987 401 1046 Persis
430 989 588 1070 contigisse
609 988 731 1048 videtur
747 1011 827 1049 anno
846 991 896 1052 36.
918 993 1101 1070 lastiniani,

33 1080 57 1130 rt
83 1093 116 1132 ex
131 1073 192 1154 ipso
209 1069 378 1131 Menandro
398 1069 537 1152 colligere
555 1079 616 1132 est:
639 1073 691 1152 qui
712 1093 742 1154 p.
759 1070 827 1150 145·
847 1083 877 1132 et
899 1071 965 1153 sto
987 1073 1104 1156 scribit,

33 1154 123 1214 lecem
147 1173 241 1214 annos
263 1163 337 1214 tunc
355 1155 559 1235 praeteriisse,
591 1173 625 1212 ex
647 1175 709 1236 quo
724 1153 871 1216 Chosro'es
886 1158 1028 1217 Suaniam
1051 1179 1106 1220 oe-

34 1247 195 1318 eupaverat.
239 1238 383 1296 Suaniam
404 1255 495 1316 porro
516 1247 657 1318 ceperant
676 1237 786 1298 Persae
809 1260 888 1299 anno
907 1239 939 1300 6.
961 1251 1029 1322 post
1043 1240 1106 1302 foe·

34 1320 80 1380 lus
101 1319 326 1402 quinquennale
351 1320 461 1378 initum
486 1339 557 1379 cum
579 1319 701 1396 Persis,
730 1331 765 1380 ut
784 1321 871 1380 docet
889 1322 1055 1404 Procopius
1073 1324 1107 1384 in

34 1404 77 1464 ib.
96 1406 129 1481 4.
150 1403 258 1479 Goth„
285 1402 375 1462 idest
400 1421 481 1462 anno
498 1401 548 1462 26.
571 1401 748 1463 Iustiniani:
773 1407 885 1485 qnippe
906 1403 1012 1464 foedus
1029 1405 1108 1467 illud

34 1483 250 1568 quinquennale
282 1505 350 1545 cum
370 1485 471 1546 Persis
492 1485 601 1544 initum
638 1485 736 1546 fuerat
759 1507 840 1547 anno
863 1494 913 1547 2'0.
932 1487 1108 1568 lastiniam,

34 1569 282 1652 quemadmodum
301 1577 429 1630 testatur
450 1566 643 1628 Marcellinus
665 1570 696 1627 in
717 1567 881 1630 Chronico.

108 1654 186 1733 Peg.
212 1647 337 1733 147.st
366 1650 453 1734 [373,
481 1649 543 1734 17.]
568 1649 719 1711 κατέλυσε
747 1647 802 1712 τὸν
818 1651 899 1731 βίον.
939 1650 1014 1714 Post
1034 1649 1110 1714 haee

34 1734 120 1796 rerba
140 1733 315 1796 collocanda
334 1743 405 1795 sunt
428 1755 475 1816 ea,
496 1753 574 1816 quae
588 1732 738 1795 habentur
752 1753 823 1819 pag.
843 1757 895 1820 99.
916 1737 948 1795 in
967 1740 1016 1796 tit.
1035 1734 1111 1820 περὶ

34 1820 72 1880 A
95 1813 115 1876 ai
138 1838 180 1878 ων
201 1819 258 1877 etc'.

71 1819 93 1896 β
109 1839 187 1982 d'ag.
200 1920 267 1961 roo.
280 1899 317 1958 A.
329 1895 420 1982 [283,
436 1894 480 1981 a]
504 1890 598 1979 ὁγὰρ
612 1897 748 1982 §oppila
765 1893 794 1960 oi
807 1893 841 1962 τὸ
856 1897 960 1979 σῶμα.
980 1897 1112 1962 Scribe}

34 1977 46 2040 i
73 1979 221 2060 Κανδίχ,
246 1979 356 2042 αὐτίκα
396 1979 451 2062 (od
464 1973 522 2063 γὰρ
550 1979 688 2064 ἐσφρίγα
710 1995 768 2043 etc.
790 1993 907 2065 etpost
937 2005 1041 2044 vocem
1055 1979 1114 2067 ῥᾳ-

34 2056 207 2144 θυμότερον
251 2063 417 2124 claudenda
443 2073 488 2123 est
515 2063 722 2145 parenthesis).
775 2066 858 2126 Idem
878 2065 916 2126 de
946 2067 1113 2126 iustiniano

34 2147 135 2208 scribit
155 2147 299 2228 Agutbias
315 2148 345 2205 in
365 2145 445 2206 libro
467 2143 508 2220 5.,
532 2145 619 2207 illum
638 2148 767 2224 scilicet,
792 2151 843 2231 qui
866 2150 938 2209 olirn
956 2147 1116 2208 bellicosis·

34 2235 125 2292 simus
144 2229 260 2307 merae,
282 2239 312 2290 et
333 2229 386 2311 qui
406 2228 539 2290 Africam
559 2241 651 2314 atque
671 2231 788 2292 ltaliam
818 2230 993 2313 subegerat,
1015 2233 1116 2314 ingra-

35 2324 169 2375 ecsecute
189 2324 286 2374 aetate
306 2311 452 2395 paulatim
470 2309 636 2374 emollitum
656 2311 765 2375 sitisse:
787 2313 861 2374 adeo
882 2327 916 2375 ut
933 2313 1057 2375 bellicos
1070 2313 1116 2374 la-

36 2401 121 2456 bores
152 2397 315 2458 formidare
346 2395 511 2456 videretur.
564 2396 699 2456 Proinde
727 2395 758 2457 id
781 2401 882 2479 potins
901 2397 1058 2470 studebat,
1080 2399 1116 2456 ut

37 2480 178 2541 barbaros
197 2481 276 2540 iuter
306 2500 337 2540 se
356 2481 582 2552 committeret,
605 2477 913 2560 donisqucinterdum
925 2503 1029 2562 pacem
1044 2477 1115 2539 red-

38 2567 152 2624 imeret.
192 2562 398 2640 Quamobrem
426 2560 454 2620 le
475 2564 556 2621 iones
577 2561 714 2622 imminui
739 2584 773 2622 ac
790 2562 890 2622 delabi
904 2566 1052 2646 patienter
1064 2561 1115 2621 'le-
1125 2571 1152 2625 P.
1171 2571 1225 2627 ns

39 2646 147 2721 rebat,
169 2645 294 2728 perinde
317 2646 393 2705 acsi
416 2585 493 2704 nulli
509 2643 647 2727 deinceps
670 2647 737 2704 usui
756 2647 873 2706 liiturae
892 2657 1000 2706 essent.
1042 2643 1119 2706 Nam

40 2751 108 2790 :um
125 2731 282 2789 universae
312 2729 432 2810 imperii
456 2729 584 2787 Romani
607 2730 711 2810 copiae
737 2726 810 2806 645.
828 2727 959 2788 militnm
985 2727 1120 2788 millibus

41 2822 175 2874 :onstare
202 2811 393 2888 debuissent,
415 2829 501 2893 aegre
519 2821 586 2870 tum
597 2814 741 2894 temporis
758 2811 825 2872 150.
846 2810 979 2872 millibus
999 2822 1122 2871 consta·

42 2901 123 2956 aaut.
165 2895 210 2955 lta
231 2895 320 2956 valde
341 2897 454 2955 accisae
478 2905 508 2955 ct
531 2896 708 2955 imminutae
736 2905 822 2956 erant
844 2893 1050 2954 Romanorum
1067 2915 1120 2954 co·

44 2984 107 3040 riae
136 2978 284 3060 Principis
310 2974 511 3059 negligentia,
543 2998 604 3060 qua
631 2993 699 3037 mox
722 2979 777 3058 ipsi
795 2977 1123 3038 PraefectiPraetorie

45 3063 127 3123 ibusi
146 3061 185 3122 ad
213 3071 352 3143 quaestus
368 3061 522 3143 proprios,
553 3061 663 3141 partim
692 3057 839 3141 stipendio
853 3060 978 3122 militem
1000 3058 1123 3122 frauda·

46 3155 136 3222 aaut,
157 3149 266 3226 partim
288 3146 381 3206 serius
402 3142 623 3224 persolvebant.
663 3141 747 3203 Haec
769 3143 923 3225 agathias.

125 3229 204 3310 Png.
229 3249 296 3289 roo.
320 3227 354 3287 B.
376 3227 461 3310 [283,
488 3223 545 3310 ru]
575 3217 614 3286 od
634 3220 695 3304 γὰρ
719 3227 823 3310 noilqi
848 3219 990 3304 ὕστερον.
1040 3222 1123 3286 liaeo

48 3312 141 3374 >rima
156 3311 263 3393 legatia
283 3311 420 3373 Avarum
436 3307 728 3390 Constantinopolim
755 3311 891 3370 introisse
912 3309 1023 3369 dieitur
1041 3327 1123 3366 anno

49 3399 96 3460 lo.
116 3396 272 3455 lastiniani
296 3395 327 3454 in
342 3393 420 3454 libro
445 3391 492 3453 16.
502 3391 644 3452 historiae
664 3391 827 3454 Miscellac.
868 3392 1049 3452 lastinianus
1067 3411 1124 3470 auf

50 3498 105 3540 ern
126 3499 143 3538 a
164 3479 226 3538 vita
241 3477 364 3538 decessit
384 3497 464 3536 anno
478 3474 529 3556 qo.
549 3477 678 3558 imperii.
720 3477 778 3535 Sed
798 3478 828 3536 in
846 3473 972 3534 historia
989 3470 1124 3532 bliseella

51 3573 162 3624 mnam
181 3561 272 3620 hunis
287 3559 442 3644 legationis
457 3557 603 3620 Avaricae
619 3557 697 3618 male
712 3561 854 3641 assignari
873 3559 1026 3616 existimo:
1049 3575 1125 3636 qua·

52 3665 80 3708 τ
102 3647 203 3726 petias
224 3645 369 3704 assentior
383 3643 502 3703 Victori
519 3643 715 3715 Tununensi,
738 3644 789 3724 qui
815 3641 844 3700 id
865 3640 956 3698 refert
972 3659 1053 3697 anno
1073 3635 1126 3699 36.

53 3727 228 3804 iustiniani,
261 3727 360 3786 eodem
383 3748 479 3800 anno,
512 3727 628 3811 inquit,
659 3725 839 3786 lastinianus
856 3723 998 3809 Princeps
1015 3722 1126 3800 legatos

55 3811 231 3888 rhomam,
246 3809 325 3870 unde
337 3823 493 3884 venerant,
506 3807 592 3887 sarit
604 3810 693 3888 (sic).'
722 3810 811 3884 Quae
824 3817 924 3865 tumen
941 3805 1034 3864 verba
1048 3805 1126 3864 rele-

56 3895 143 3958 ienda
165 3893 265 3975 potius
284 3893 409 3954 suntad
426 3891 586 3953 secundam
611 3893 749 3954 Abarum
766 3889 965 3971 legationem,
1000 3889 1038 3949 de
1066 3908 1127 3969 qua

57 3977 218 4058 {enander
237 3997 306 4059 pag.
326 3995 393 4038 ror.
415 3975 455 4035 A.
1054 3970 1058 3978 '

58 4111 61 4138 ,
133 4059 210 4139 Peg.
237 4081 302 4121 roo.
326 4061 361 4120 B.
383 4057 472 4142 [283,
497 4053 557 4141 tq]
590 4055 653 4118 raia
668 4051 841 4136 βασιλικῶν
862 4045 1128 4136 μσχαιρσφόρων.

59 4143 217 4208 {ananau
240 4143 325 4203 initio
353 4141 422 4203 libri
433 4141 463 4202 8.
495 4143 531 4202 dc
555 4138 659 4202 coelem
677 4139 838 4202 Valentino
859 4138 1006 4220 loquens,
1029 4126 1075 4207 εἷς
1091 4133 1128 4195 dl
