2734 4634
326 175 593 240 nnmsnnm
621 173 826 242 rrrsnoms.
1039 150 1118 238 λοι

37 328 97 395 ani
117 327 196 409 δύο,
226 327 406 412 δυσβάτους
425 330 460 393 τέ
476 351 565 406 τινας
586 331 714 414 χώρους
732 327 1031 416 παραμειψάμενος,
1058 335 1127 418 lyl-
1137 349 1264 421 31:559

36 453 109 494 νετο
137 427 219 493 κατὰ
246 426 286 493 τοὶ
320 427 437 514 ῥεῖθρα
463 431 521 493 τού
540 424 611 510 Ἲχ,
641 422 680 492 ού
708 428 773 514 μὴν
798 427 879 494 oillei
900 429 1053 498 καὶκατὰ
1074 421 1220 500 sdv¹¹¹‘¹·²

37 533 147 611 Δαῒχ,
171 528 228 593 nol
246 525 302 591 διοὶ
322 529 443 608 λιμνῶν
460 523 575 612 ἑτέραν
595 520 695 602 αύδις
714 529 748 605 ἐς
767 525 819 594 τὸν
836 528 1004 596 Ἆπιλαν·
1032 528 1127 598 πύλιν
1148 501 1197 546 m

39 627 86 703 οὖς
110 625 303 712 Ούμούρους,
324 627 358 691 οδ
378 624 416 711 δὴ
438 628 496 690 καί
509 648 621 713 σφισιν
642 627 843 710 ἀπήγγειλαν,
864 627 908 705 ὥς
928 631 973 706 εἰς
992 627 1032 694 τύ
1054 632 1153 718 respic

22 725 101 797 ὅτδν
121 727 272 812 Κωφῆνα
292 723 437 806 ποααμδν
458 725 492 801 ἐς
512 722 550 790 τύ
581 720 679 790 λα’σια
705 728 855 812 τέσσαρες
880 725 1022 810 χιλιάδες
1041 735 1132 816 Hep-

38 829 109 891 σῶν
131 826 318 909 ἐπιτηροῦσα
337 827 628 910 προλελοχισμύνοι,
647 819 692 899 sic
712 817 752 890 dr
770 821 980 911 χειρούσονται
999 826 1133 913 παριόν-

42 949 106 999 τας
125 920 249 999 αύτούς.
288 918 390 1012 ταύτῃ
411 945 462 989 τοι
480 921 498 989 o‘
520 925 584 988 seir
606 919 778 1008 Ου’γούρων
796 919 984 1008 ἡγούμενος,
1011 921 1047 1002 δς
1068 928 1134 994 διέ-

41 1025 147 1102 σωζεν
179 1023 279 1088 ἐκεῖσε
303 1026 363 1087 τού
380 1017 584 1105 Διζαβούλον
614 1019 651 1087 τὸ
669 1017 805 1109 κράτος,
830 1019 998 1108 πληρώσας
1016 1019 1134 1104 ύδατος

46 1115 167 1197 οἷσιιούς
191 1123 367 1206 παρέσχετο
395 1129 461 1198 τοῖς
481 1117 558 1206 περὶ
575 1116 770 1205 Ζὴμοιρχον,
797 1118 842 1197 ούς
869 1116 908 1187 ἄν
934 1120 1037 1206 ἔχοιεν
1057 1121 1134 1192 ὅθεν

3 1217 249 1306 ιούδρεύσοινιο
278 1219 333 1284 διὰ
361 1223 417 1307 τῆς
442 1218 582 1305 ύνύδρου
603 1217 714 1295 ἰόντες.
754 1211 849 1305 εὗρον
869 1223 906 1286 δὲ
924 1224 982 1286 καὶ
1001 1221 1130 1309 λίμνην,
1177 1205 1181 1218 ’
1228 1289 1232 1302 ,

44 1318 105 1384 nos*
131 1315 406 1404 παραμειψάμενοι
425 1316 461 1383 τύ
481 1319 564 1402 μέγα
581 1322 675 1384 τούτο
695 1314 904 1403 ύδροστύσιον
932 1321 1080 1406 α’φύιοντο
1099 1321 1134 1396 ἐς

45 1420 167 1494 ἐκείνας
186 1417 245 1494 τὰς
268 1417 404 1502 λιμνας,
430 1421 466 1486 ἐν
487 1413 539 1494 αἷς
558 1412 799 1504 ἐπιμιγνύμενος
819 1410 992 1485 ἀπόλλυται
1012 1415 1030 1483 ὅ
1051 1423 1129 1486 Κοι-

44 1516 113 1606 φῆν
132 1515 283 1599 ποταμός.
314 1515 349 1597 ἐξ
368 1520 488 1584 ἐκείνου
514 1514 553 1603 δὴ
576 1521 633 1615 τού
649 1513 760 1602 χούρου
779 1518 939 1600 πέμπουσι
958 1519 1132 1604 διοπτῆρας
1240 1591 1244 1600 „

44 1619 389 1700 προδιασκεψομένους,
412 1615 475 1702 εἴγε
496 1617 540 1693 οδς
561 1613 729 1702 α’ληδιύςοδ
743 1617 874 1700 Πέρσαι
893 1617 1130 1703 ἐνεδρεύουσιν·

4 1718 79 1790 15⁰2
99 1715 140 1802 δὴ
163 1711 404 1800 ύνιχνεύσαντες
425 1714 616 1802 ἀπήγγειλαν
634 1718 756 1802 μηδένα
777 1717 865 1782 ι’δεῖν.
887 1709 973 1797 ὅμως
993 1714 1051 1793 ξύν
1069 1723 1158 1799 prs-1)

42 1814 142 1905 με’στρι
163 1812 255 1905 φόβῳ
275 1815 424 1904 ύφύιοντο
446 1817 481 1894 ἒς
497 1813 664 1900 Ἀλανύοιν,
694 1811 774 1880 κατὰ
802 1811 838 1879 τὸ
858 1817 979 1899 μᾶλλον
1000 1811 1135 1891 δεδιότες

43 1912 82 1978 τύ
103 1917 207 2001 φῦλον
226 1919 290 1983 miv
307 1911 517 2002 Ὀρομοσχύν.

128 2014 172 2081 θ’.
204 2008 275 2080 ‘'Oss
294 2013 451 2099 γενόμενοι
469 2012 505 2081 ἓν
534 2014 664 2105 Ἀλανίᾳ
682 2013 771 2100 παρὰ
794 2012 960 2100 Σαρούδιον
978 2010 1036 2079 τόν
1055 2015 1138 2079 διιεί-

44 2139 109 2181 νοον
129 2111 291 2198 ἦγεμύνα,
326 2111 382 2178 καὶ
409 2109 477 2196 ἅμα
496 2121 562 2191 τοῖς
581 2107 745 2195 ἑπομένοις
769 2108 919 2199 Τούρκοις
945 2115 1222 2199 ἑσφοιτῆσαιῑςᾷ

4 2209 256 2298 αοβουλύμενοι,
287 2211 304 2280 ὃ
325 2210 488 2299 Σαρύδιος
506 2211 560 2278 τόν
579 2214 639 2295 μὲν
656 2211 830 2299 Ζὴμαρχον
848 2214 905 2277 καί
922 2209 997 2286 τούς
1017 2206 1133 2290 ἑπομέ-

45 2319 123 2388 νους
152 2315 278 2392 ἐδέξατο
307 2309 475 2394 ύσμένως,
504 2310 580 2388 τούς
607 2302 644 2377 δὲ
665 2309 703 2397 δὴ
733 2314 880 2396 πρέσβεις
899 2311 964 2374 τῶν
987 2305 1136 2393 Τούρκοον

46 2411 169 2500 ἔφασκε
195 2410 240 2496 μή
266 2409 418 2499 πρότερον
446 2413 501 2496 τῆς
528 2411 571 2488 ὥς
596 2407 691 2476 αύτύν
711 2405 839 2474 εἰσόδου
860 2415 980 2492 τυχεῖν,
1000 2399 1022 2491 ἢ
1041 2429 1138 2470 κατα-

120 2549 146 2586 n.
165 2537 190 2587 3.
208 2530 358 2594 5.le1nba,
378 2530 455 2592 tait,
471 2531 557 2600 Volga
575 2529 679 2602 (Ethai)
697 2529 823 2592 ,Kuma,
847 2527 931 2580 fluvii.
949 2523 981 2577 Ν.
1043 2525 1067 2578 3.
1087 2510 1135 2574 διδ

118 2604 231 2674 λιμνῶν
244 2603 288 2663 fl,
305 2601 541 2671 διάλιμνοννιιΙρ.
595 2602 624 2670 4.
648 2597 846 2668 Ούιιγούρους
862 2606 891 2650 et
907 2617 931 2670 ρ.
955 2593 1142 2664 Οδτιγούριυν

117 2675 229 2728 conill.
281 2676 307 2728 6,
318 2673 473 2742 παριόντας
492 2672 625 2734 Cantent,
643 2669 789 2742 παρόντας
806 2669 877 2736 vulg.
932 2665 981 2737 μδ
1000 2683 1052 2718 om.
1064 2665 1137 2734 vulg.

87 2781 96 2830 i
125 2781 259 2832 Romanos
283 2782 457 2838 monuerunt,
480 2771 621 2826 indensis
647 2779 676 2824 et
692 2771 835 2826 arboribus
855 2770 965 2825 consitis
985 2768 1052 2820 locis
1068 2769 1140 2818 circe

47 2799 210 2921 alpheum
228 2849 330 2900 flumen
350 2848 434 2898 lntcre
454 2846 485 2897 in
502 2842 611 2896 insidiis
630 2843 763 2896 collocate
781 2845 920 2896 Persarum
939 2847 1055 2912 quatuor
1072 2836 1140 2889 mll-

49 2923 104 2982 lia‚
133 2921 183 2989 qni
213 2925 416 2989 praetereuntes
441 2931 487 2966 eos
513 2915 633 2982 cepticos
660 2915 789 2966 lacerent.
826 2917 977 2982 Ugurorum
996 2909 1070 2970 dux,
1089 2908 1139 2978 qui

49 2993 110 3044 illic
126 3009 161 3043 ex
178 2992 339 3042 suctorilnte
359 2985 484 3040 Disobuli
512 2985 657 3054 imperium
681 2981 817 3046 habebat,
841 2992 914 3035 utres
941 2996 1012 3050 equa
1039 2979 1139 3048 imple·

49 3063 90 3114 rit
117 3070 146 3113 et
169 3060 299 3129 praebuit
322 3054 466 3110 Zemerclro
494 3061 522 3105 et
548 3057 608 3106 eius
635 3055 795 3116 comitibus,
822 3059 860 3117 ut,
877 3067 937 3104 cum
963 3067 1012 3119 per
1030 3047 1138 3101 deserta

50 3133 143 3195 irent,
159 3130 295 3183 haberent
317 3127 391 3181 unde
417 3132 591 3196 aquarentur.
633 3125 799 3178 Invenerunt
816 3131 845 3174 et
862 3120 990 3191 psludem
1023 3127 1052 3171 et
1078 3134 1140 3170 ma-

50 3219 135 3272 gnum
162 3200 232 3254 illnd
258 3207 381 3265 stagnum
402 3196 608 3267 praetergressi,
627 3201 812 3264 pervenerunt.
834 3193 868 3244 ad
892 3209 937 3245 ces
954 3189 1090 3262 paludes,
1110 3189 1140 3239 in

51 3290 121 3345 qnos
139 3273 279 3324 immixtus
292 3269 405 3338 Cophen
422 3267 509 3318 amnis
528 3280 586 3317 sese
605 3264 729 3316 effundit.
767 3267 806 3317 Ea
824 3282 856 3316 eo
867 3265 928 3316 loco
946 3263 1062 3314 mittunt
1091 3259 1142 3327 qul

51 3345 241 3414 explorarent,
260 3359 295 3396 sn
312 3357 406 3393 verum
424 3345 509 3399 esset,
529 3337 620 3387 Persas
638 3335 668 3388 in
697 3333 806 3388 insidiis
825 3351 891 3387 esse.
928 3333 964 3384 lli
982 3329 1080 3384 iisdem
1097 3335 1143 3378 to-

52 3421 110 3466 tam
129 3413 267 3484 regionem
292 3411 454 3479 perscrutati
480 3409 680 3469 renuntiarunt,
700 3421 729 3456 se
746 3406 884 3458 neminem
902 3403 1010 3454 vidisse.
1047 3395 1143 3448 Nihilo

51 3485 142 3536 secius
171 3488 200 3537 in
218 3483 342 3534 Alaniam
359 3495 456 3549 magna
483 3493 544 3530 eum
563 3475 762 3544 trepidatione,
780 3485 925 3547 propterea
944 3468 1018 3544 qnod
1036 3475 1143 3520 netue-

50 3556 122 3609 bant
138 3562 244 3626 gentem
263 3549 491 3605 Oromoschornm
502 3585 510 3610 ,
523 3553 716 3616 properarunt.

122 3643 148 3696 p
185 3625 278 3695 Quum
298 3625 326 3674 in
346 3623 471 3674 Alaniom
489 3618 685 3688 pervenissent,
703 3624 731 3668 et
748 3614 902 3676 Sarodirrm,
920 3603 1068 3665 Alnnoruin
1087 3605 1141 3659 du-

52 3713 129 3758 cem,
148 3714 202 3747 nna
220 3711 281 3747 cum
296 3695 392 3747 Turels
411 3691 488 3743 adire
506 3688 626 3749 vellent,
643 3685 772 3739 Sarodius
790 3684 902 3758 quidem
922 3677 1095 3732 Zemarclrum
1113 3683 1143 3729 et

52 3769 103 3836 qni
123 3783 185 3819 eum
205 3783 238 3820 eo
257 3773 334 3817 crant
360 3764 478 3828 benigne
510 3767 538 3811 et
556 3758 669 3810 comiter
690 3758 813 3826 excepit,
831 3753 879 3806 sed
901 3755 1049 3806 Tuscorum
1069 3749 1144 3817 legn-

53 3845 97 3888 tos
116 3836 202 3906 prius,
221 3853 301 3907 qnam
324 3851 396 3885 arms
424 3831 624 3900 deposuissent,
643 3827 672 3878 in
692 3845 769 3879 suurn
790 3831 962 3894 conspectum
980 3821 1074 3874 venire
1091 3834 1145 3868 no·

50 3908 116 3963 luit.
153 3907 273 3958 Maximo
292 3905 376 3974 igitur
392 3905 464 3954 inter
482 3902 555 3972 ipsos
573 3897 718 3963 superbae
739 3914 767 3949 re
786 3906 845 3948 orto
865 3904 893 3948 et
911 3894 1071 3948 continuato
1094 3904 1144 3958 per

52 3987 110 4030 tres
127 3977 188 4029 dies
207 3979 373 4036 certamine,
392 3970 583 4025 dissidentium
602 3968 705 4020 arbiter
728 3969 784 4020 luit
801 3965 967 4018 Zemarchus.
1003 3958 1144 4022 Tandem,

55 4049 138 4102 erneis
157 4049 308 4122 depositis,
333 4055 366 4100 nt
384 4041 498 4099 Sarodio
515 4041 672 4114 placuerat,
691 4055 754 4092 eum
774 4037 909 4092 adierunt
946 4031 1076 4090 Sarodius
1094 4046 1144 4084 au·
