2734 4634
362 169 629 238 annuarum
655 171 862 236 nrsromr.
1066 147 1145 232 ὅτι
1225 183 1227 192 ⁴

64 331 122 399 λος
135 322 272 407 ξονῆκαν
286 318 316 386 οἱ
333 324 480 408 πρέσβεις
500 326 575 408 περί
587 326 646 404 μὲν
666 328 725 388 τοῦ
748 320 955 410 διαρραγῆναι
980 323 1036 402 τὰς
1054 329 1282 401 oronte-⁵77

63 422 127 499 διὶς
147 427 196 497 τίς
215 419 320 496 αἴτιος
339 421 395 484 καί
413 417 470 504 οῦ,
491 421 526 486 τὰ
549 418 671 513 τοιόνδε
691 428 879 508 σιγηθήναι,
900 427 1100 510 διερευνῆσαι
1115 429 1150 491 δὲ
1157 401 1295 528 ήέἒυὲῖιρ

61 519 195 604 τρόπον,
216 514 276 608 ὅτιρ
302 519 559 604 ἐμπεδωθήσεται
578 518 619 584 τῦ
651 523 796 605 είρηνιιῐσ
825 527 884 587 τοῦ
903 526 1014 587 λοιποῦ
1042 525 1098 588 καί
1116 522 1241 597 uiam

62 617 261 706 α’μφήριστσι
272 626 424 683 πολιτεῖαι
438 616 622 684 κατῦθσιντο
633 618 671 685 τῦ
689 615 781 686 ὅπλα.
802 621 903 698 ssi-ide
917 617 976 690 οῦν
986 619 1151 704 Μεβιῦδου

40 716 143 785 ὄκατῦ
157 717 214 793 τὰς
225 717 334 803 πριᾰην
344 716 509 802 ξανθήκας,
525 718 563 784 αδ
575 723 826 804 ξυνέστησανέπί
841 726 901 786 τοῦ
920 721 1164 809 αῦτοκροὶτοροςΙ

60 819 285 883 Ἱσοστινιανοῦ
294 866 305 897 ,
325 815 384 891 τὰς
403 813 567 902 τριάκοντα
592 815 742 901 χιλιάδας
772 824 834 886 τῶν
867 821 1067 902 νομισμάτων
1087 822 1151 909 φή-

61 940 175 993 σαντος
192 919 311 1000 χρῆναι
330 914 406 991 τοῦς
422 916 600 998 Ῥωμαιοις
620 921 661 1005 τῇ
682 921 824 1008 πολιτείᾳ
850 921 989 1004 Περσοῦν
1019 946 1151 986 κατατι-

58 1019 158 1079 θέναι
188 1015 234 1080 α’ν’
270 1011 358 1095 ἔτος,
389 1012 436 1079 ἔτι
463 1039 499 1099 ys
518 1014 583 1101 μήν
613 1017 822 1101 ἀποχωρῆσαι
841 1018 1087 1104 Περσαρμενίας
1113 1043 1149 1084 τε

60 1112 120 1178 καί
133 1107 290 1198 Ἰβηρίας,
316 1111 398 1198 πρὸς
418 1116 454 1178 δέ
472 1138 508 1198 ys
527 1113 584 1180 καί
602 1113 720 1190 αῦτοῦς
739 1115 814 1192 τοῦς
835 1113 906 1181 ὅσοι
923 1141 959 1202 ys
979 1115 1074 1183 αἴτιοι
1093 1123 1150 1200 τῆς

24 1213 260 1288 ιοιῖποστασίας
296 1213 494 1298 ἀποδοθῆναι
532 1219 664 1296 βασιλεῖ
697 1216 759 1280 τῦν
793 1219 932 1302 Περσιῦν
962 1221 1148 1306 χρησομένῳ

59 1314 159 1396 σφισί
175 1321 244 1388 ταῖς
263 1307 493 1398 προσηκούσαις
508 1324 640 1399 φωναῖς.
678 1319 818 1381 τοσαῦτα
833 1319 893 1380 τοῦ
907 1317 1068 1398 Μεβιόδσυ
1091 1342 1150 1382 κα-

59 1412 277 1492 τατείναντος,
299 1409 328 1475 οἱ
347 1413 411 1475 τῶν
427 1408 594 1494 ‘Parnasius
616 1416 782 1498 πρέσβεις,
810 1411 845 1479 τὰ
875 1411 998 1480 τοιόνδε
1027 1418 1063 1482 ἐκ
1089 1421 1150 1482 τοῦ

57 1509 228 1593 Καίσαρος
261 1515 477 1596 παρεγηαηθὲν
508 1513 640 1593 αῦτοῖς,
664 1513 787 1578 ἀῦτίκα
820 1517 854 1578 οἵ
877 1538 912 1597 γε
936 1517 1026 1580 τοῦτο
1062 1514 1170 1579 adscit

58 1608 136 1672 οῦδὲ
168 1600 310 1688 τοῦνομα
342 1608 531 1693 προσίεσθαι
563 1607 689 1697 ἔφασαν
718 1615 775 1696 τῆς
803 1610 948 1698 εἰρήνης,
977 1613 1064 1698 εἴπερ
1092 1612 1147 1677 ἐπὶ

22 1707 222 1794 ιόσνντελειήι
241 1709 306 1771 τινί
323 1712 379 1772 καί
399 1703 453 1773 s‘r're
472 1711 505 1784 ἐς
526 1704 821 1803 φῦροαισῖπαγωγήν
840 1715 970 1798 Πέρσαι
990 1709 1146 1792 &duriores

54 1807 241 1887 Ῥωμαίους
255 1808 333 1884 ἕξειν
349 1812 406 1872 τοῦ
424 1810 550 1872 λοιποῦ·
570 1810 652 1894 μηδὲ
672 1806 733 1896 γῦρ
755 1810 922 1888 α’νίξεσθαι
941 1813 1000 1875 τοῦ
1022 1813 1144 1877 τοιοῦδε

56 1899 280 1990 τὸνΚσίσαρά
299 1929 331 1969 τι
350 1909 587 1990 παρασχέσθαι,
608 1906 687 1991 μήτε
706 1905 770 1993 μήν
790 1904 895 1994 ὥσπερ
917 1911 1029 1991 α’μέλει
1047 1900 1145 1974 ιῦνιῦν

57 2026 89 2066 τι
99 2007 212 2087 χρῆμα
230 2005 389 2088 πριάσθαι
409 2002 469 2087 τήν
489 2004 623 2090 εἰρήνην.
663 2001 747 2072 οῦτοι
769 2005 807 2090 δή
829 2006 889 2092 γὰρ
911 2009 942 2072 εἰ
960 2005 1062 2074 ἔσοιτο
1069 2059 1080 2090 ,
1102 2000 1143 2074 οῦ

56 2125 88 2165 τι
117 2095 201 2167 εἶναι
226 2098 361 2184 μόνιμον
390 2103 464 2168 οὐδὲ
502 2109 646 2187 βεβαίαν.
684 2109 805 2188 χρήναι
834 2105 941 2171 τοίνυν
967 2105 1142 2188 Ῥωμαίων

18 2195 162 2283 ποέλεηον
190 2197 220 2264 οἱ
239 2202 386 2285 πρέσβεις
412 2199 567 2287 πρότερον
591 2205 649 2268 τοῦ
667 2206 792 2269 τοιοῦδε
814 2206 976 2286 α’πειπεῖν,
1002 2201 1084 2270 οῦτοι
1105 2228 1142 2269 τε

56 2299 110 2384 ἐφ’
130 2293 177 2376 οἷς
197 2301 263 2363 δέοι
281 2297 320 2364 ed
338 2301 393 2384 τῆς
410 2299 534 2386 εἰρήνης
553 2304 696 2385 προϊέναι
717 2305 965 2384 διασκέψασθαι.
1006 2306 1062 2368 καί
1081 2295 1144 2368 αῦ-

56 2403 111 2473 θις
136 2399 225 2463 ἕκατι
253 2404 313 2462 τοῦ
341 2402 465 2464 τοιοῦδε
491 2402 656 2486 τερθρείας
676 2402 776 2484 λόγων
799 2395 1037 2488 ἇιιεᾷῥιμμένης
1056 2403 1160 2464 πολ-0

56 2500 114 2584 λῆς
134 2499 169 2575 ἕξ
188 2499 310 2586 α’μφοῖν
329 2507 396 2564 τοῖν
413 2507 544 2583 μεροῖν,
578 2497 634 2562 καί
665 2499 727 2581 οὐχ
749 2494 982 2580 ῦποχαλιῦνταιν
1002 2501 1037 2563 ἐν
1057 2500 1143 2586 ἀρχῇ

127 2602 152 2656 3.
172 2595 240 2653 διον
255 2601 326 2671 vulg.
380 2603 405 2653 8.
423 2603 645 2673 Περσαρμενίας
663 2601 704 2668 Β.,
722 2602 790 2671 περὶ
803 2599 953 2672 Ἀρμενίας
969 2599 1040 2670 vulg.
1100 2619 1141 2661 rr,

125 2670 246 2745 φωναῖς]
267 2678 384 2727 ποιναῖς
401 2673 473 2722 coni.
491 2673 519 2725 Β.

54 2766 127 2810 runt
164 2759 287 2810 Tandem
304 2759 375 2812 ittud
391 2758 544 2828 disquirere
564 2756 792 2829 supersederunt,
820 2757 876 2810 utri
894 2757 998 2827 populo
1018 2756 1139 2811 foederis

52 2829 171 2882 violatio
189 2829 364 2881 attribuenda
382 2838 470 2890 esset,
490 2832 666 2881 strationem
684 2829 847 2898 investigare
860 2829 951 2880 conati
970 2836 1052 2891 sunt,
1070 2844 1141 2900 quo·

51 2899 138 2950 modo
156 2899 341 2969 inposterum
365 2916 418 2968 pax
435 2901 518 2952 firmis
540 2898 767 2953 conventionibus
785 2898 967 2958 stabiliretur,
995 2907 1023 2950 et
1040 2900 1138 2952 inimi-

52 2986 101 3022 cae
120 2976 214 3038 gentes
231 2968 266 3018 ab
285 2971 367 3021 armis
385 2968 564 3022 discederent.
589 2969 687 3022 Statim
705 2968 836 3022 Mebodes
854 2970 999 3037 suggessit,
1019 2985 1139 3038 aequum

52 3057 126 3099 esse,
144 3041 277 3092 Romanos
294 3039 415 3109 pendere
424 3041 562 3093 Persarum
581 3037 751 3109 reipublicae
771 3039 917 3110 quotannis
939 3037 1052 3107 triginta
1071 3041 1138 3092 mii·

51 3112 92 3162 lia
111 3126 264 3164 aureorum.
300 3112 345 3162 Sic
365 3111 438 3164 euim
457 3111 685 3164 conventionibus
704 3117 814 3162 cautum
832 3123 906 3170 esse,
924 3125 995 3178 quae
1012 3117 1137 3179 tempore

51 3181 202 3234 Iustiniani
218 3181 393 3250 Imperatoris
412 3181 500 3232 iactae
519 3189 605 3233 erant.
640 3182 781 3232 Praeterea
800 3178 981 3230 Persarsuenia
1000 3187 1029 3231 et
1045 3181 1136 3233 Iberia

52 3250 201 3314 sederent,
231 3257 260 3300 et
283 3267 376 3303 omues
403 3250 565 3304 desectionis
590 3260 713 3303 auctores
738 3250 794 3319 regi
812 3250 951 3301 Persarum
974 3248 1136 3311 redderent,

52 3339 123 3392 quos
141 3320 238 3373 merita
255 3332 342 3374 morte
359 3321 483 3374 afficeret
518 3321 592 3373 Haec
610 3331 638 3373 et
656 3321 710 3372 alia
730 3318 887 3370 huiusmodi
900 3317 1018 3370 idebode
1036 3335 1135 3388 propo-

51 3401 151 3453 nente,
178 3391 358 3445 Romanorum
378 3392 460 3462 iegati
477 3391 625 3443 seeundum
647 3389 770 3442 Caesaris
788 3391 913 3442 mandata
935 3398 1027 3440 eontra
1048 3389 1135 3439 disse·

51 3471 185 3525 ruerunt,
207 3469 237 3513 et
254 3462 397 3515 confestim
418 3460 631 3531 responderunt,
655 3477 685 3512 se
703 3459 755 3510 hoc
774 3475 809 3511 no
822 3475 871 3528 pro
891 3460 1002 3509 nomine
1020 3457 1135 3527 quidem

49 3533 127 3603 pasis
144 3532 304 3595 admittere,
323 3533 345 3585 si
365 3549 425 3594 cum
444 3531 543 3582 tributi
563 3531 747 3600 pensitatione
765 3530 858 3582 Persae
873 3536 1014 3597 sperarent
1035 3529 1064 3580 in
1079 3543 1135 3596 po-

50 3613 155 3654 sterum
182 3602 315 3655 Romanos
347 3602 401 3654 sibi
427 3600 562 3655 obnoxios
593 3603 767 3653 constituere.
803 3600 860 3652 Nec
889 3599 962 3648 enim
987 3597 1134 3652 Caesarem
1197 3636 1203 3645 .

50 3673 199 3744 quicquam
223 3672 359 3744 pendere,
383 3689 474 3742 neque
497 3687 610 3741 pacem,
640 3677 773 3740 tanquam
797 3685 852 3722 rem
876 3669 1017 3730 venalem,
1042 3684 1133 3722 emere

48 3745 137 3807 veile,
161 3759 248 3813 quae,
271 3744 295 3795 si
316 3745 355 3794 ita
381 3743 567 3812 contingeret,
593 3757 649 3793 non
668 3739 716 3792 diu
735 3746 920 3810 permaneret,
949 3753 1038 3808 neque
1055 3739 1133 3790 firma

49 3813 131 3868 foret.
168 3815 303 3883 Oportere
328 3815 413 3884 igitur
437 3813 570 3884 imprimis
598 3820 687 3866 totum
711 3810 785 3863 hune
814 3823 964 3860 sermonem
988 3809 1133 3874 omittere,

49 3893 109 3938 tuna
127 3884 246 3947 demum,
264 3883 365 3955 quibus
384 3883 589 3936 conditionibus
606 3899 660 3951 pan
671 3878 818 3932 vincienda
835 3878 880 3938 sit,
896 3876 1043 3931 advertere.
1064 3881 1133 3931 Rur-

49 3970 94 4006 sus
112 3971 196 4024 snper
212 3955 255 4006 iris
274 3970 333 4006 oum
347 3962 479 4024 utraeque
492 3960 582 4023 partes
596 3955 626 4004 in
639 3953 739 4002 muitas
753 3949 945 4001 altereationes
962 3949 1133 4018 erupissent,

51 4033 79 4078 et
96 4025 191 4080 Persae
209 4026 323 4078 minime
343 4023 489 4091 oederent,
511 4021 561 4079 sed
578 4023 680 4079 obnixe
698 4019 912 4084 contenderent,
937 4019 1040 4074 iustum
1058 4034 1133 4086 esse,

83 4131 240 4204 Dexippus,
256 4130 405 4204 Eutropius
425 4141 475 4184 sss.
899 4139 929 4179 ar
