2734 4634
245 109 313 197 ὄσ.
547 165 558 181 ·
683 136 896 203 nouum

96 292 334 381 Μηδόκου
362 297 426 358 τῶν
461 289 693 375 αἰχμαλώτων,
735 286 769 367 ic
790 292 827 356 δὲ
847 282 887 376 ἦν
908 288 1110 373 αἰχμάλωτος
1127 284 1190 355 δοιὰ
1214 264 1350 377 irrep-954

147 382 308 474 ind-dm,
349 388 424 467 τοδς
444 393 479 455 δὲ
500 388 536 456 τδ
557 392 693 475 μέγεθος
712 398 837 473 κατεῖχε
857 393 920 455 τῶν
940 384 1067 475 διδρων,
1091 385 1134 453 τά
1153 413 1188 455 το
1206 396 1286 460 λινᾶ
1310 389 1350 455 v‘«

96 454 227 514 mm
240 492 394 583 φάσματα
414 494 470 555 καί
489 488 526 554 τὸ
547 494 611 555 τῶν
631 489 824 576 στρωμάτων
846 490 901 553 ’ἐπ’
922 482 1092 577 α’μφδτερα
1119 491 1350 567 θυσανοειδές·

240 600 371 667 ἕκαστος
391 592 427 655 δὲ
448 589 555 666 ἁπλαῖς
575 583 680 655 αὖτῶν
695 582 899 670 ὑπελάμβανε
918 592 976 653 καί
988 586 1043 673 τὴν
1058 588 1159 654 οἰκίαν
1176 588 1350 674 καταπληἍ

241 717 308 758 σειν
328 692 457 755 οἰκετῶν
478 691 534 754 καί
553 686 594 753 τοὶ
614 692 720 774 χωρία
743 688 907 772 βοηλατῶν
926 686 983 752 καὶ
1006 686 1066 772 τὴν
1086 686 1241 775 ἐρωτικήν
1263 691 1350 755 λύω-ι

197 822 209 844 ·
240 817 302 862 σαν
331 793 388 876 τῆς
416 791 491 874 περί
516 791 619 852 ταῦτα
655 789 828 866 ἐξουσίας.
869 790 1047 873 νικηθέντες
1078 790 1114 863 δὲ
1134 784 1198 853 ὑπὸ
1217 788 1350 855 τούτων

241 894 330 977 νίκην
352 892 517 974 αἰσχίστην
535 890 591 951 κατ’
609 884 902 973 παρανομωτάτην,
935 882 1039 976 ὥσπερ
1061 886 1149 964 τινας
1169 882 1350 973 εὐεργέτας

245 993 300 1055 καί
319 992 463 1074 σωτῆρας
483 975 638 1062 παλαιοὺς
657 985 736 1069 μετὰ
757 984 824 1053 τῶν
845 982 951 1053 ὅπλων
971 988 1134 1064 ἐδέξαντο.
1177 984 1207 1053 οἱ
1229 991 1267 1053 δὲ
1288 1012 1350 1054 το-

215 1091 359 1155 Βσοῦτον
380 1083 499 1153 ἀκονιτί
517 1088 648 1171 πρᾶγμα
669 1086 940 1171 διαπεπραγμένοι
984 1084 1040 1150 καί
1065 1084 1125 1171 τὴν
1153 1084 1233 1153 οἴκοι
1255 1114 1350 1169 σομε

244 1186 350 1275 φορὰν
372 1182 622 1269 εὐτυχήσαντες,
644 1188 709 1270 οἵγε
732 1186 805 1251 ἀντὶ
823 1189 880 1271 τῆς
900 1188 1035 1251 Σκυθῶν
1053 1186 1187 1271 ἐρημίας
1207 1192 1266 1253 καί
1285 1192 1350 1254 τοῦ

193 1298 197 1309 “
243 1284 413 1373 βαράθρου
432 1284 491 1370 τὴν
505 1282 687 1369 Ῥωμαϊκὴν
707 1279 810 1371 ἀρχὴν
840 1282 1071 1368 ἀπελάμβανον,
1094 1279 1193 1362 εὖδδς
1208 1286 1293 1355 πολύ
1316 1316 1350 1359 τι

239 1386 414 1474 ,βάρβαρον
434 1388 469 1451 ἐν
488 1389 534 1472 τῷ
553 1383 769 1473 παρασπόνδρι
790 1386 847 1449 καί
873 1384 993 1473 α’πίστιρ
1014 1385 1196 1473 διέφαινον.
1237 1386 1260 1471 ἡ
1284 1392 1350 1469 μὲν

242 1487 306 1575 γὰρ
337 1479 494 1571 ἄχρηστος
521 1483 628 1571 ἡλικία
654 1486 861 1569 προλαβοῦσα
890 1482 973 1549 κατοὶ
1001 1482 1060 1569 τήν
1089 1483 1240 1567 διάβασιν
1260 1486 1350 1567 μετὰ

244 1588 379 1671 βαθείας
405 1586 546 1668 σπουδῆς
577 1581 634 1648 καί
661 1584 830 1671 φροντίδος
863 1584 927 1649 τῶν
953 1586 1055 1648 ταῦτα
1081 1588 1350 1667 βεβουλευμένων

244 1690 291 1762 εἰς
311 1683 352 1750 τοὶ
375 1682 452 1769 ἔθνη
474 1693 635 1767 κατεχεῖτο
656 1688 712 1749 καί
731 1684 944 1770 διεσπείρετο.
986 1682 1106 1749 οἰκέται
1135 1685 1171 1749 δδ
1200 1688 1257 1749 καί
1285 1706 1350 1773 prr-4

243 1793 349 1859 ναῖκες
368 1786 425 1847 καί
445 1784 556 1858 παῖδες
575 1781 717 1863 ἐκείνων,
747 1781 858 1865 οἱμὲν
879 1781 1031 1867 βασιλικοὶ
1052 1781 1229 1868 παράσημα
1251 1780 1343 1867 ἔχονι

244 1907 308 1967 τες,
327 1880 386 1958 τδς
406 1884 442 1947 δὲ
462 1874 503 1965 ἦν
522 1881 696 1968 ἁβροτὲρας
717 1879 797 1971 cippis
819 1876 842 1968 ἢ
866 1879 944 1947 κατὰ
968 1880 1188 1965 αἰχμάλωτον.
1229 1886 1342 1959 παῖδες

249 1985 286 2047 δὲ
307 1976 411 2046 αὐτῶν
430 1980 487 2045 καί
504 1978 539 2046 τὸ
562 1981 711 2047 οἰκετικὸν
730 1976 811 2067 πρός
830 2006 863 2046 τε
883 1978 941 2067 τὴν
961 1976 1132 2066 εὖκρασίαν
1149 1986 1214 2048 τοῖν
1237 1977 1340 2069 οἷὲρων

245 2080 424 2165 ἀνέδραμον
443 2078 499 2143 καί
516 2078 605 2165 παραὶ
624 2076 682 2164 τὴν
704 2075 831 2166 ἡλικίαν
850 2076 991 2166 ἥβησαν,
1024 2082 1081 2147 καί
1105 2082 1186 2147 πολύ
1215 2080 1252 2145 τὸ
1272 2084 1340 2148 ἒπε-

230 2157 407 2265 ιφυόμενον
426 2171 465 2265 ἦν
484 2184 635 2263 πολέμιον
655 2180 758 2264 γένος.
800 2178 830 2247 οἱ
857 2182 917 2261 μὲν
942 2172 998 2245 cdv
1018 2184 1150 2245 παλαιοὶ
1167 2184 1269 2261 μῦθοι
1289 2184 1350 2265 λίς

221 2292 344 2362 Εγουσι
363 2277 438 2363 περί
453 2275 509 2363 τὴν
522 2277 683 2345 Βοιωτίαν
703 2281 758 2343 καί
769 2279 828 2365 τήν
842 2278 1001 2363 Κολχίδα,
1025 2281 1230 2365 δρακοντείων
1250 2278 1341 2345 σ’δόν-

246 2403 312 2445 των
334 2382 609 2465 κατασπαρέντων,
637 2382 672 2452 ἐν
702 2375 809 2456 ὅπλοις
838 2375 906 2462 ἅμα
926 2383 970 2470 τῷ
997 2377 1104 2470 σπόρῳ
1131 2378 1205 2457 eosic
1225 2373 1342 2469 ἄνδρας

318 2534 343 2603 4.
361 2534 459 2585 οἰκίαν
473 2535 506 2587 Η.
516 2572 525 2599 ,
543 2536 653 2588 οἰκείαν
665 2535 737 2603 vulg.
812 2552 850 2590 rs.
871 2531 1075 2609 ὑπελάμβανον
1094 2532 1167 2602 vulg.

248 2682 342 2719 mosae
360 2670 443 2721 unius
461 2684 495 2719 ex
513 2669 636 2739 captivis.
672 2669 725 2721 iiic
743 2675 838 2739 captus
857 2676 899 2723 est
915 2669 1020 2741 virgine
1040 2670 1177 2735 formosa,
1197 2671 1268 2725 alios
1284 2688 1340 2723 ms·

249 2737 366 2805 gnitudo
389 2756 531 2791 munerum
558 2742 647 2808 cepit,
672 2741 748 2792 linea
776 2742 936 2793 vestimenta
973 2747 1002 2792 et
1026 2742 1145 2811 stragulo
1170 2740 1206 2791 sb
1226 2750 1339 2813 utraque

249 2814 329 2875 parte
356 2808 501 2866 fimbriata.
534 2808 618 2862 Plane
638 2810 828 2882 uuusquisque
853 2813 975 2879 ipsorum
1002 2811 1055 2863 hoc
1072 2812 1210 2882 propositi
1228 2813 1336 2877 habuit,

249 2884 284 2927 nt
299 2894 362 2928 suas
381 2879 474 2931 domos
493 2880 592 2944 servis,
619 2880 699 2932 villas
718 2880 875 2950 pastoribus
896 2890 924 2934 et
949 2883 1074 2935 insanum
1099 2886 1199 2935 amoris
1223 2885 1340 2937 furorem

150 2984 155 2993 ,
254 2950 350 3018 quavis
369 2950 479 3003 licentis
497 2951 651 3021 implerent
687 2954 784 3021 itaque
801 2951 867 3005 victi
887 2969 902 3003 a
920 2952 1028 3020 Scythis
1049 2954 1163 3006 victoris
1184 2954 1340 3007 foedissima

254 3026 283 3070 et
311 3017 534 3085 dissolutissima,
561 3038 608 3075 eos
634 3030 766 3095 tanquam
792 3022 981 3077 benefactores
1020 3032 1049 3076 et
1066 3034 1216 3081 servatores
1240 3029 1339 3095 priscos

234 3102 315 3143 ‘cusu
334 3093 416 3142 armis
433 3102 605 3161 exceperunt.
642 3095 678 3145 At
696 3094 739 3145 iiii
757 3100 860 3145 tantam
885 3111 941 3146 rem
961 3096 1020 3147 sine
1039 3096 1097 3147 ullo
1116 3096 1212 3149 labore
1231 3097 1341 3166 adepti,

254 3160 389 3222 excinde,
409 3178 490 3231 quam
507 3162 582 3216 domi
600 3173 770 3233 acoeperent,
790 3180 867 3217 susm
886 3173 1111 3237 comparaverunt
1124 3170 1339 3249 prosperitatem

254 3230 324 3283 Nam
342 3247 392 3300 pro
411 3234 526 3285 desertis
544 3233 670 3301 Scythiae
690 3234 757 3289 locis
776 3242 805 3287 et
822 3236 950 3289 barathro
969 3238 999 3289 in
1017 3238 1166 3289 Romanum
1187 3246 1341 3291 suvaserunt

252 3301 408 3371 imperium.
444 3305 535 3375 Atque
562 3305 631 3357 ndeo
666 3308 721 3357 iam
745 3315 804 3359 tum
828 3306 944 3361 barbara
963 3323 1056 3361 eorum
1078 3316 1176 3360 natura
1194 3316 1224 3359 et
1240 3308 1340 3379 perfida

255 3386 350 3434 exeo,
374 3372 577 3447 quodsoedera
599 3377 758 3447 pronihilo
790 3375 943 3441 ducebant,
966 3381 1100 3450 apparuit
1136 3378 1244 3431 Etenim
1270 3388 1339 3433 aetas

254 3440 378 3507 inutilis,
397 3446 426 3495 in
444 3447 606 3499 traiectione
624 3456 748 3517 suscepta
765 3464 861 3519 magno
872 3449 964 3501 studio
983 3457 1013 3503 et
1031 3466 1095 3501 curn
1113 3466 1217 3513 eorum,
1252 3452 1281 3502 ui
1292 3451 1339 3502 hoc

254 3514 363 3565 consilii
383 3516 531 3580 dederant,
556 3534 606 3587 per
624 3527 716 3589 gentes
734 3526 761 3571 et
778 3520 924 3583 nationes,
950 3529 980 3573 nt
998 3519 1150 3585 babitaret,
1174 3530 1218 3574 est
1258 3524 1338 3592 'sper-

255 3598 292 3633 ιο.
330 3582 421 3648 Servi,
440 3604 554 3651 uxores,
573 3588 638 3652 iiiii,
658 3588 687 3640 hi
705 3590 817 3660 quidem
839 3592 914 3661 sigua
939 3592 1013 3659 regia
1038 3590 1183 3660 gerebant,
1211 3590 1274 3642 illas
1292 3609 1338 3644 su-

253 3659 310 3703 tem
340 3659 497 3725 conspicere
525 3668 586 3711 erat
610 3660 721 3711 mollius
752 3668 781 3711 et
798 3662 951 3725 venustius,
974 3678 1057 3733 quam
1081 3662 1200 3733 captivas
1220 3662 1338 3725 decebat,

253 3724 375 3775 vestitas.
411 3729 447 3778 At
470 3733 640 3799 captivorum
664 3730 715 3782 tilii
753 3740 782 3783 et
808 3732 942 3804 quicquid
963 3733 1019 3783 iilis
1046 3734 1102 3785 fuit
1127 3733 1338 3803 mancipiorum,

254 3796 326 3845 seris
343 3798 475 3864 temperie
498 3802 528 3851 in
545 3801 631 3853 altum
651 3818 680 3853 se
704 3804 889 3866 sustulerunt,
917 3812 946 3855 et
967 3809 1075 3873 practer
1101 3812 1217 3857 aetatem
1239 3806 1340 3874 pubue·

250 3870 319 3918 sunt
337 3872 365 3915 ct
383 3865 412 3915 in
435 3868 592 3923 immensam
615 3870 823 3927 multitudinem
842 3874 978 3926 succrevit
997 3883 1026 3927 et
1039 3883 1150 3927 suctum
1168 3884 1212 3929 est
1223 3873 1339 3927 bostium

253 3954 345 4005 genus.
382 3937 487 3991 Ferunt
501 3942 606 4009 priscae
633 3940 744 3995 fabulae
767 3960 817 4014 per
839 3944 980 3997 Boeotiam
1005 3953 1034 3998 et
1051 3943 1204 4009 Colchide,
1226 3963 1260 3999 es
1284 3946 1340 3999 δτι-

251 4021 352 4061 conum
377 4006 509 4065 dentibus
529 4016 672 4068 semiustis
694 4012 820 4071 homines
844 4032 907 4069 cum
934 4014 1017 4070 armis
1038 4016 1122 4071 simul
1150 4033 1214 4070 cum
1242 4020 1339 4071 semiss
