2734 4634
367 111 563 263 enuisti
579 156 782 225 ursrouu.
956 110 959 116 ’
1028 157 1109 243 2⁰7
1165 108 1171 134 '

37 314 157 399 χρῆναι
188 311 273 395 ἡμᾶς
304 314 500 396 διαφεδῆναι
528 312 666 396 λίγωτες
685 308 806 395 καίμὴ
824 310 1250 398 τηνάλλωςτρίδεικλ.0.ληο

38 412 94 477 τόν
108 407 236 497 χρόνον.
275 408 332 474 καί
350 405 385 486 ὃς
413 408 474 497 ἔφη
494 412 615 479 ἐθέλειν
634 410 690 477 καί
706 408 759 477 τόν
784 407 944 495 'Amilos
971 398 1199 491 aimundo-¹¹¹⁶·¹

38 536 107 575 πειν
126 508 224 593 ἡμᾶς.
265 509 322 573 καί
337 508 451 595 μικρόν
472 510 625 577 διαλιποδν
645 506 715 593 ἅμα
736 518 801 586 τοῖς
819 506 947 592 λογάσιν
968 465 1260 592 idoctori-Themi

39 634 89 674 ετο
110 607 187 695 περί
204 610 268 673 sair
284 600 429 697 Ἀττὴληι
450 610 662 693 δεδογμένου,
682 612 739 673 καί
756 606 796 673 τά
815 612 944 690 βασιλεῖ
958 607 1119 692 ἀποδοθη-

25 706 158 790 seipsas
183 707 350 771 συνέταττε
377 702 569 791 γράμματα,
598 703 808 794 όπογραφὲων
839 707 925 795 crispi
953 706 1119 793 παρόντων

39 810 95 872 καί
120 803 343 885 Ῥουστικίου,
375 802 490 889 α’νδρὸς
512 804 696 891 ὁρμωμένου
716 809 776 888 μὲν
795 806 831 868 ἐκ
848 808 903 888 τῆς
922 798 987 870 oium
1007 803 1118 871 Μυσί-
1189 881 1192 887 ,

40 931 96 987 ας,
117 901 245 981 ἁλόντος
266 905 301 969 δὲ
321 905 354 968 όν
373 905 416 993 τῷ
435 906 569 993 πολέμῳ,
589 908 645 971 καί
664 904 719 971 διά
736 904 836 989 λόγων
853 902 968 990 α’ρετὴν
980 908 1023 992 τῷ
1037 909 1145 988 βαρ-6

38 1003 131 1094 βάρφ
169 1002 224 1068 rins*
250 1006 289 1091 τῇ
318 1006 381 1069 τοῖν
405 1000 600 1089 γραμμάτων
624 1008 873 1087 διαπονουμένου
893 1003 1055 1083 συντάξει.
1075 1004 1120 1087 σός

40 1106 77 1168 δὲ
99 1106 135 1168 ἐκ
158 1102 213 1185 τῆς
233 1098 367 1167 συνόδου
389 1104 556 1187 διανέστη,
577 1102 752 1190 ἐδεήθημεν
781 1106 883 1169 auro&
908 1103 983 1187 περί
1000 1101 1121 1179 λόσεως

4 1206 98 1287 ιοτῆς
119 1198 239 1265 Σόλλου
263 1203 400 1285 γαμετῆς
420 1203 476 1266 καί
494 1205 558 1267 τεόν
577 1201 698 1287 ἐκείνης
719 1205 861 1284 παιδων,
890 1204 925 1269 ἕν
944 1205 984 1290 τῇ
1009 1203 1121 1266 Ῥατιι

39 1299 139 1385 αρίας
164 1296 481 1387 ἆνδραποδισδὲντων
501 1298 628 1373 όλιόσει.
670 1306 726 1367 καί
743 1301 825 1385 πρός
844 1303 904 1384 μὲν
932 1299 990 1385 τὴν
1012 1294 1120 1364 αόταόν

38 1401 102 1465 σόν
128 1399 321 1484 α’πηγόρευσε
348 1397 454 1482 λόσιν,
488 1402 543 1466 ε’πί
564 1407 690 1477 πολλοῖς
710 1403 745 1465 δὲ
765 1403 851 1488 σφοῖς
879 1396 1021 1483 idatiano
1038 1399 1122 1484 χρὴ·

36 1523 139 1581 μασιν
160 1499 353 1592 όπεμποληῖν.
393 1497 481 1581 ἡμῶν
505 1500 541 1564 δὲ
561 1502 659 1565 ἐλεεῖν
679 1498 795 1575 αότοός
813 1502 869 1583 τῆς
888 1494 986 1584 τόχης
1003 1497 1123 1578 instro

36 1594 182 1679 σάντων,
215 1596 272 1679 τὴν
300 1602 455 1683 προτέραν
483 1592 687 1680 εὐδαιμονίαν
717 1598 934 1683 λογιζόμενον,
972 1599 1062 1681 διέβη
1087 1619 1124 1675 τε

3 1695 123 1783 ι5πρός
151 1694 207 1762 τόν
233 1694 409 1780 'Andium
444 1700 500 1761 καί
530 1694 586 1781 την
604 1699 663 1779 μὲν
684 1706 818 1781 γυναῖκα
836 1696 891 1764 εἰιί
909 1697 1123 1772 πεντακοσίοις
1185 1736 1188 1740 -

36 1796 180 1881 διαφῆκε
200 1804 349 1879 χρυσοῖς,
367 1794 442 1872 νοός
463 1798 498 1861 δὲ
518 1798 635 1874 παῖδας
656 1799 758 1882 διόρον
776 1793 895 1878 ἔπεμπε
913 1800 1047 1879 βασιλεῖ.
1081 1796 1146 1858 ε’νλ)

31 1894 140 1985 ταύτην
160 1896 195 1957 δὲ
216 1892 271 1959 καί
287 1894 307 1977 ἦ
324 1893 478 1980 Ῥὲκανὴ
501 1897 559 1959 τοό
576 1892 719 1979 Ἀττὴλα
738 1892 855 1979 γαμετή
875 1890 964 1977 παρά
981 1893 1123 1974 Ἀδόμει

31 1998 101 2058 τῶν
134 1992 236 2077 αότῆς
263 1994 454 2077 πραγμάτων
489 1990 548 2078 την
568 1990 737 2079 ἐπιτροπὴν
756 1981 860 2077 ἔχοντι
881 1995 1015 2057 δειπνεῖν
1038 1986 1124 2075 ἡμᾶς
1168 1989 1170 1991 ’

32 2094 225 2179 παρεκάλει.
264 2094 320 2158 καί
344 2098 420 2179 παρ’
452 2092 552 2159 ου’τόν
579 2088 723 2168 ἐλθόντες
749 2089 819 2174 ἅμα
844 2090 910 2157 τισὶ
926 2094 990 2157 τῶν
1009 2090 1044 2154 ἐκ
1063 2090 1123 2152 cori

1 2192 157 2266 ιοέθνους
177 2190 315 2274 λογάδων
338 2192 572 2279 φιλοφροσύνης
592 2188 758 2275 ε’τόχομεν.
801 2193 956 2269 ε’δεξιοότο
981 2184 1123 2272 diriperis

32 2291 213 2373 μειλιχίοις
231 2314 266 2354 τε
288 2286 391 2374 λόγοις
410 2290 466 2355 καί
483 2293 524 2378 τῇ
544 2294 608 2356 τῶν
638 2292 805 2372 ἐδωδίμων
831 2289 1029 2373 παρασκευῇ.
1067 2279 1124 2355 καί
1205 2369 1209 2375 ¹

32 2396 175 2465 ἕκαστος
196 2391 258 2454 τοῖν
276 2387 440 2476 παρόντων
457 2392 599 2477 Σκυθικῇ
621 2391 784 2477 φιλοτιμιρι
804 2385 916 2451 κόλικα
930 2381 1005 2469 ἡμῖν
1018 2377 1122 2468 πλήρη

115 2560 154 2613 sp.
174 2542 278 2597 Ῥέκαν
299 2558 380 2613 supra
396 2558 455 2613 pag.
477 2558 549 2613 197„
566 2542 620 2613 l.9.
637 2540 737 2610 Kotes
752 2538 891 2593 nominata
907 2544 956 2591 est

29 2697 134 2752 neque
149 2678 232 2732 nobis
251 2678 355 2731 diutius
371 2687 477 2749 tempus
492 2678 635 2731 terendum
653 2694 719 2731 esse.
755 2676 822 2743 Ille,
836 2675 949 2729 Attilam
964 2688 1074 2744 quoqne
1095 2673 1126 2725 in

30 2770 65 2807 ea
82 2766 148 2803 esse
163 2752 312 2812 voluntate,
331 2757 358 2801 et
368 2766 418 2802 nos
429 2750 567 2803 dimittere
584 2748 775 2811 constituisse,
789 2748 937 2819 respondit.
953 2748 1049 2815 ltaque
1069 2763 1126 2799 noa

29 2824 129 2877 multo
144 2828 209 2891 post
243 2820 388 2875 consilium
404 2836 546 2889 procerum
579 2820 613 2872 de
631 2819 673 2871 his
685 2857 693 2881 ,
707 2835 776 2888 quae
795 2820 892 2871 Attilas
914 2821 1059 2877 statuerat,
1076 2815 1126 2867 lra-

30 2895 121 2955 buit,
150 2900 181 2943 et
197 2892 320 2955 litteras,
347 2907 417 2961 quae
440 2890 600 2959 Imperatori
623 2888 816 2950 redderentur,
845 2888 964 2958 digessit
1005 2886 1127 2939 Aderant

28 2980 170 3035 quoqne,
190 2978 304 3032 quorum
320 2978 399 3013 curae
416 2961 543 3029 epistolas
560 2960 677 3013 seribere
694 2958 884 3020 incumbebat,
902 2959 974 3009 inter
986 2972 1053 3027 quos
1067 2962 1127 3007 erat

28 3034 201 3094 Rustieius,
218 3033 259 3083 vir
280 3048 294 3083 e
309 3032 449 3100 superiore
463 3031 549 3098 lllysia
567 3040 659 3095 ortus,
679 3030 729 3101 qui
745 3028 779 3081 ab
794 3026 920 3082 hostibus
936 3035 1044 3096 captus,
1063 3042 1124 3077 cuns

29 3102 156 3159 dicendi
180 3102 308 3153 facultate
326 3103 443 3163 ualeret,
471 3098 586 3153 barbaro
604 3117 714 3169 operam
732 3101 761 3150 in
779 3096 981 3151 conscribendis
1000 3095 1124 3164 epistolis

27 3176 169 3228 navabat
205 3173 322 3225 Dimisso
348 3172 477 3233 consilio,
496 3172 531 3224 ab
550 3173 685 3240 Oncgesio
710 3169 837 3240 precibus
861 3167 1067 3228 contendimus,
1092 3173 1125 3216 ut
1208 3216 1212 3222 ,

2 3288 4 3317 ,
27 3248 134 3314 Syllae
153 3243 239 3293 uxori·
267 3249 296 3293 et
321 3244 378 3295 eius
397 3242 506 3303 liberis,
530 3243 578 3313 qui
609 3241 639 3293 in
660 3240 863 3311 expugnatione
888 3239 963 3291 urbis
987 3236 1123 3291 Ratiariae

24 3336 88 3369 una
118 3329 185 3366 cum
210 3321 296 3364 matre
331 3312 359 3365 in
382 3316 540 3366 servitutem
563 3310 666 3363 redacti
695 3321 790 3375 eraut,
814 3311 971 3363 libertatem
996 3306 1123 3357 restitue-

24 3398 79 3441 ret.
124 3386 164 3437 Et
180 3398 245 3433 vero
264 3382 298 3433 ab
316 3384 359 3435 bis
376 3384 526 3437 liberandis
543 3384 655 3435 minime
672 3381 850 3443 abhorrebat,
868 3381 917 3433 sed
933 3393 1026 3430 eorum
1038 3374 1123 3426 liber·

23 3468 124 3511 tatem
144 3472 241 3523 magua
259 3453 389 3524 pecuniae
408 3472 512 3505 summa
530 3452 642 3505 anobis
660 3460 777 3520 emptam
795 3450 912 3505 volebat
960 3449 1056 3513 ltaque
1073 3461 1122 3497 nos

22 3548 98 3581 cum
122 3522 266 3595 supplices
284 3540 360 3577 oraro
379 3533 407 3577 et
426 3522 568 3587 obtestari,
584 3530 623 3585 ut,
641 3522 736 3574 habita
752 3519 987 3590 eorumpristinac
999 3515 1125 3569 fortunae

23 3602 165 3658 ratione,
195 3598 346 3663 praesentis
374 3595 533 3647 calamitatis
560 3592 796 3648 commiseratione
813 3596 973 3644 moveretur.
1007 3586 1072 3649 llle,
1094 3594 1126 3637 ut

22 3670 158 3725 Attilam
178 3662 265 3729 adiit,
292 3665 434 3717 mulierem
453 3683 501 3734 pro
520 3664 676 3735 quingentis
695 3664 784 3715 aureis
811 3661 924 3711 liberam
949 3656 1073 3719 dimisit,
1097 3660 1126 3707 et

24 3744 93 3793 eius
112 3736 194 3789 filios
213 3734 285 3787 dono
303 3734 338 3787 ad
355 3736 547 3803 Imperatorem
564 3734 646 3799 misit·
682 3728 1017 3792 luterealleean,dttilae
1041 3744 1125 3787 uxor,
1188 3742 1191 3745 ’

25 3814 58 3863 in
77 3807 174 3862 aedes
191 3803 317 3869 naamis,
351 3810 399 3876 qui
424 3808 482 3857 eius
501 3822 542 3857 res
560 3803 725 3856 domesticas
743 3800 870 3864 curabat,
894 3815 943 3853 nos
960 3798 996 3851 ad
1013 3811 1125 3849 coenam

24 3877 179 3933 inritavit.
216 3874 258 3927 Ab
277 3894 310 3928 eo
327 3893 382 3927 una
401 3894 461 3929 cum
479 3875 604 3945 pluribus
624 3874 749 3941 Scythiae
770 3869 938 3941 principibus
949 3869 1063 3921 comiter
1075 3881 1124 3916 cx-

24 3952 108 4021 repti
138 3962 236 3999 sumus
269 3954 297 3999 et
325 3946 450 4000 iucundis
467 3946 635 3999 sermonibus
668 3952 698 3994 et
721 3940 861 4012 magnifico
880 3941 1020 4010 epularum
1038 3952 1130 4007 appa3

23 4030 104 4076 ratu
146 4014 223 4079 ‘sum
246 4016 434 4088 unusquisque
456 4027 557 4083 comm,
575 4017 624 4089 qui
642 4014 772 4077 aderant,
791 4026 919 4083 surgens,
935 4006 1059 4080 Scythica
1078 4024 1124 4059 co·
