2734 4634
367 140 575 208 numeni
610 141 819 208 mamma.
1057 119 1136 233 arip

70 297 122 361 καί
139 295 231 360 midde
247 294 323 371 τοδς
343 295 504 375 οἶκοῦκτας
523 298 664 363 haud&
682 301 880 382 παραλυαῶν
898 300 933 366 ἔκ
959 301 1022 366 τῶν
1042 297 1140 388 ταύτῃ
1154 313 1223 369 Μ’..
1235 317 1287 388 479

67 392 170 479 μάρτυν
186 392 224 460 τά
244 398 366 479 πλῆθος
384 397 529 471 ἐπιεικῶς
549 397 696 482 ἐπειρᾶτο
718 391 848 480 διάγειν.
888 402 935 476 εἷς
960 401 996 464 δὲ
1015 397 1050 464 τὸ
1071 385 1234 506 Bu·¹z¹¹‘¹·⁹

68 495 181 572 ζάντιον
202 489 247 570 ῶς
264 488 364 577 ἦλθον
384 495 415 559 οἱ
432 499 508 578 παρ’
530 496 630 560 αδτοῦ
648 499 811 572 σταλέντες
826 501 999 582 πρέσβεις,
1028 498 1141 582 ἔλεγον,
1154 461 1278 579 Danant}

68 589 113 658 ὅτι
138 597 205 658 δδοι
220 597 342 677 ταχέας
361 594 436 680 περί
452 591 576 660 πάντων
597 593 812 680 αὐτοκράτορα
834 597 919 685 αὐτῷ
940 597 1138 684 πρεσβευτὴν

49 689 254 774 ὅάποστεῐλαι,
275 694 320 769 ῶς
340 694 402 776 οδχ
421 693 476 782 οἵῳ
496 718 530 758 τε
550 698 671 778 πλῆθος
691 685 824 780 άπειρον
845 694 959 778 εἴργειν
978 699 1033 761 ε’πί
1050 705 1139 764 πλεί-
1178 705 1185 720 ’

64 818 118 858 ora
136 793 249 876 χρόνον
267 797 325 879 τῆς
345 796 401 880 a’p'
420 786 466 858 ῶν
485 787 526 858 άν
547 792 692 859 δύναιντο
711 791 841 878 βλάβης.
881 793 899 860 δ
922 797 958 860 δὲ
979 798 1138 878 Ἀδαμάτα

63 915 128 957 τιον
144 891 200 957 τὸν
218 898 373 975 Βιβιανοῦ
392 893 513 975 παῖδα,
546 891 772 978 πάτρι’κιόν·ττ
794 887 867 960 ὄντα
888 897 944 960 καί
961 895 1138 982 πολιαρχή-ι

63 1017 173 1076 σαντα,
193 995 342 1080 προσθείς
361 993 450 1080 adrui
469 996 525 1058 καί
542 991 638 1078 τιμὴν
657 992 831 1078 δπατικὴν,
860 993 984 1080 ἔπεμψε
1014 1022 1137 1082 παραγ-

64 1093 174 1174 γειλας,
193 1091 304 1177 χῶραν
330 1096 395 1175 μὲν·
418 1095 507 1183 ου’τρῖ
540 1096 652 1158 δοῦναι
678 1095 714 1160 ἐν
735 1098 929 1185 Παοταλίρ,
959 1092 1059 1181 ἢτῆς
1077 1098 1138 1177 μὲν

33 1189 229 1277 1οἸλλυρικῆς
244 1193 361 1277 μοίρας
380 1196 466 1260 ἐστίν
483 1195 624 1277 ἐπαρχία
641 1244 651 1277 ,
672 1197 714 1259 ου’
731 1193 811 1260 πολά
833 1196 869 1260 δὲ
890 1195 1054 1278 ἀπέχουσα
1073 1199 1212 1262 edat-80

66 1294 209 1372 εἰσβολῶν
227 1295 284 1376 τῆς
301 1288 441 1380 Θρᾴκης,
462 1286 563 1375 ὅπως,
582 1290 642 1358 εἴτε
659 1295 852 1380 Θευδὲριχυς
871 1294 888 1358 ὃ
914 1297 1066 1381 Τριαρίου
1088 1297 1139 1380 ε’γ-

63 1395 180 1477 χειροίη
202 1417 237 1456 τι
255 1388 368 1473 κινεῖν,
403 1391 538 1479 ἔφεδρον
557 1391 627 1476 ἔχοι
646 1393 741 1459 adadu
761 1390 893 1478 ἐγγύθεν
912 1397 976 1461 κατ’
998 1391 1118 1460 ἐκείνου
1127 1445 1138 1476 ,

63 1489 121 1554 εἴτε
140 1488 245 1566 αάτάς,
265 1489 429 1576 ταράττειν
453 1489 492 1557 τά
512 1495 700 1576 σογκειμενα
720 1495 830 1575 θέλοι,
850 1495 886 1566 ἐν
914 1492 1001 1582 μέσιρ
1039 1491 1139 1560 aazia

63 1587 141 1672 ἔχων
159 1595 226 1654 τῶν
244 1615 277 1656 τε
292 1591 475 1678 Ἰλλυρικῶν
494 1595 549 1658 καί
567 1597 630 1658 τῶν
651 1595 797 1682 Θρᾳκίων
818 1591 982 1674 δυνάμεων
1002 1587 1138 1656 ιδκολῶ-

30 1685 145 1775 Ιὸτερον
175 1690 280 1756 edred
305 1699 460 1777 περιεῖναι
488 1684 625 1757 δάναιτο.
663 1693 695 1756 τί
724 1694 759 1756 δὲ
786 1693 915 1779 τροφῶν
937 1691 1067 1778 άποριϊν
1094 1694 1139 1779 τῷ

61 1791 269 1873 στρατεύματι
287 1794 372 1874 λέγοι
392 1789 448 1856 τάν
467 1789 608 1877 παρόντα
627 1789 791 1874 ε’νιαυτὸν,
829 1786 883 1856 άτε
903 1792 982 1874 μήτε
1002 1791 1037 1856 ἐν
1057 1791 1137 1857 σπόυ

61 1912 124 1972 ραις
140 1889 226 1973 μήτε
245 1893 370 1976 καρποῦ
388 1893 501 1955 ἐλπίδα
520 1891 603 1974 ἔχων
629 1893 664 1955 ἐν
685 1891 873 1979 Παυταλίρ,
904 1888 1001 1954 ἔδωκε
1027 1893 1136 1972 λίτρας

58 1986 188 2071 χρυσίου
211 1988 337 2054 darom
357 1992 537 2073 dmxoos'arc,
557 1988 598 2066 ἃς
620 1992 743 2056 ἐκέλευε
765 1985 857 2056 δόντα
876 1993 921 2078 τῷ
937 1985 1072 2077 ὑπάρχῳ
1092 1991 1135 2076 τῷ

60 2088 123 2149 ἐκεῖ
136 2090 270 2173 ποιῆσαι
289 2087 347 2173 τὴν
368 2089 511 2175 δαπάνην
531 2089 640 2166 ου’τοῖς
668 2093 714 2167 εἰς
741 2093 932 2159 Παυταλίαν
956 2091 1136 2174 χορηγῆσαι

28 2183 114 2268 aazia
133 2189 347 2271 ἔπαρκοῶσαν.
367 2185 417 2254 ἔτι
437 2193 474 2256 δὲ
498 2193 558 2256 τοῦ
576 2192 771 2274 πρεσβευτοῦ
791 2178 878 2265 ὄντος
898 2191 934 2254 ἕν
948 2189 1165 2276 Βοζαντιλρ,Β

128 2323 150 2358 r.
166 2305 350 2374 παραλοπῶν
365 2309 418 2372 λλ,
439 2303 611 2377 παραλιπών
632 2307 704 2378 vulg.
775 2325 800 2362 a.
817 2307 930 2380 μόρον]
970 2305 1047 2376 όρων
1064 2305 1135 2358 coni.

121 2377 174 2440 N„
189 2379 291 2448 μερῶν
308 2378 342 2430 λλ
412 2379 438 2436 5.
458 2381 509 2448 οἵῳ
527 2394 556 2432 τι
573 2377 617 2442 λλ,
634 2371 694 2431 οἶοί
707 2391 736 2430 τι
752 2379 823 2448 vulg.
874 2381 900 2432 u
918 2375 1064 2450 δοναιντι]
1084 2373 1136 2448 διλ-Ι

120 2464 225 2501 ναιντο
244 2445 420 2518 ὠφελεῖσθαι
441 2459 469 2502 et
494 2467 557 2501 mox
585 2447 602 2501 δ
625 2447 657 2501 δὲ
683 2445 817 2517 βασιλεύς
842 2445 899 2502 'Ad
917 2448 986 2500 coni.
1006 2445 1038 2500 N.
1110 2465 1134 2518 ρ

121 2519 364 2590 annonarum.
456 2524 494 2574 16.
513 2517 635 2590 οπόροις
651 2520 702 2584 λλ,
721 2523 851 2593 σπείροις
869 2519 939 2586 vulg.

60 2636 115 2672 uem
131 2639 147 2673 a
164 2623 325 2691 direptione
347 2624 470 2675 illaesam
497 2624 681 2686 conservarit,
708 2639 798 2694 neque
821 2623 966 2744 puicquam
993 2621 1135 2675 molestiae

59 2691 186 2746 exhibens
199 2694 326 2746 locorum
344 2695 457 2757 incolis,
473 2696 566 2764 capias
582 2711 644 2747 suas
662 2711 697 2746 cx
715 2694 805 2746 reditu

59 2778 164 2830 operam
187 2763 278 2816 dedit
320 2764 414 2833 Legati
439 2773 532 2817 autem
557 2765 593 2818 ab
616 2783 649 2818 eo
677 2765 754 2816 missi
786 2765 950 2834 simulatque
977 2764 1137 2830 Byzantium

58 2841 240 2898 accesserunt,
258 2836 450 2904 Imperatorem
469 2845 648 2898 monuerunt,
667 2842 795 2904 oportere
814 2852 894 2904 quam
913 2837 1053 2887 celerrime
1077 2834 1137 2886 lieri

56 2914 159 2972 posset,
173 2907 297 2974 legatum
314 2909 426 2961 mittere
442 2907 541 2962 idonea
558 2907 721 2960 auctoritate
739 2908 909 2960 instructum.
944 2903 1002 2956 Nec
1019 2906 1138 2957 enimin

58 2976 112 3025 eius
130 2984 269 3046 potestate
288 2995 361 3041 esse,
387 2977 469 3048 longo
488 2989 612 3048 tempore
630 2985 736 3028 tautam
763 2976 881 3028 militum
910 2976 1017 3027 turbam
1043 2992 1059 3026 a
1085 2975 1139 3026 da-

57 3044 124 3097 mnis
139 3064 190 3115 pro
211 3047 331 3101 libidine
350 3047 501 3105 inferendis
518 3051 667 3101 continere.
687 3045 872 3116 Quamobrem
889 3047 1038 3114 Imperator
1061 3046 1138 3100 misit

55 3116 374 3180 Adamantium,Viriani
394 3121 490 3182 lilium,
508 3120 653 3190 patricium
671 3117 775 3171 etolim
786 3117 846 3168 urbi
857 3117 1037 3184 praesectum,
1054 3134 1138 3186 quem

57 3186 135 3236 etiam
154 3187 292 3258 dignitate
311 3191 445 3248 consulari
463 3191 556 3254 aurit,
581 3190 718 3258 iussitque
744 3187 881 3257 regionem
900 3189 930 3239 in
952 3187 1075 3238 Pautalia
1093 3184 1138 3236 illi

56 3257 200 3326 assignare,
221 3275 291 3327 quae
299 3259 425 3326 Illyricae
443 3263 527 3328 partis
545 3267 586 3311 est
603 3259 744 3329 provincia
763 3275 818 3311 non
830 3259 910 3328 longo
930 3255 1075 3309 intervallo
1095 3253 1148 3304 eli-¹

56 3334 124 3379 stans
142 3327 177 3380 ab
197 3331 321 3398 ingressu
341 3330 482 3382 Thraciae.
518 3331 603 3400 Quod
620 3347 652 3382 eo
677 3329 793 3381 coneilio
819 3327 952 3391 iaciebat,
976 3333 1016 3386 ut,
1033 3327 1057 3376 si
1082 3337 1137 3395 qua

57 3395 278 3461 Theoderiohus,
303 3398 404 3451 Triarii
422 3401 509 3462 tilius,
528 3409 557 3454 te
575 3416 744 3453 commovere
765 3400 923 3468 susciperet,
944 3397 1023 3450 illum
1041 3392 1137 3446 adver-

56 3469 152 3520 sarium
169 3469 240 3521 huic
257 3472 414 3539 oppositum
432 3473 527 3534 sciret,
546 3479 628 3540 atque
649 3471 743 3534 etiam,
762 3473 786 3523 ai
804 3472 874 3524 alter
890 3475 969 3536 pacta
986 3463 1088 3517 violare
1109 3473 1140 3518 et

55 3554 146 3604 pacem
166 3538 282 3592 turbare
302 3541 401 3601 vellet,
420 3558 480 3592 cum
498 3544 572 3594 inter
591 3541 659 3592 duos
678 3543 827 3605 exercitus,
844 3539 981 3606 illyricum
1001 3543 1028 3588 ct
1046 3535 1137 3588 Thra·

57 3609 133 3670 cium,
157 3609 288 3678 degeret,
306 3626 368 3665 cum
395 3611 684 3680 facilius-opprimere
708 3621 808 3680 posset.
852 3605 958 3676 Quodsi
984 3605 1037 3659 hoc
1064 3625 1139 3659 anuo

56 3683 206 3734 exercitum
232 3699 311 3733 auum
336 3683 433 3752 inopia
458 3682 584 3734 laborare
610 3681 818 3734 Theuderichus
842 3678 960 3740 diceret,
988 3685 1135 3748 propterea

57 3749 127 3816 quod
146 3750 259 3802 nullum
277 3769 370 3804 semen
388 3756 468 3804 terris
487 3753 644 3804 mandatum
665 3762 746 3815 osset,
767 3765 858 3819 noque
878 3748 961 3800 ullam
980 3765 1054 3818 spem
1071 3766 1136 3817 per·

56 3819 247 3887 tipiendarum
265 3824 294 3874 iu
313 3822 433 3875 Pautalia
455 3823 593 3877 fructuum
617 3821 750 3884 liaberet,
778 3819 856 3872 dedit
870 3817 1033 3872 Adamantio
1053 3819 1136 3886 proli-

56 3891 167 3942 ciscenti
191 3891 402 3950 ducentarum
430 3894 532 3955 libras,
560 3911 628 3964 quas
645 3895 727 3946 iussit
751 3892 867 3958 regionis
895 3889 976 3943 illius-
996 3889 1137 3960 praesecto

58 3960 176 4024 tradere,
198 3969 231 4012 ut
251 3979 296 4014 eas
321 3962 357 4013 ad
386 3964 576 4016 convehendas
593 3967 624 4018 in
642 3961 794 4018 Pautaliam
812 3971 992 4024 commeatus,
1012 3961 1060 4031 qui
1078 3957 1138 4009 illis

60 4027 163 4086 alendis
182 4034 253 4086 satis
270 4042 377 4098 carcat,
395 4033 572 4107 impenderet
608 4037 683 4090 Cum.
695 4035 800 4106 legatus
825 4031 916 4085 adhuc
933 4039 1005 4086 essct
1031 4031 1139 4100 Byrru-

845 2697 906 2746 uius
925 2693 1044 2762 regionis
1063 2695 1137 2746 alere
