2734 4634
498 129 551 203 DE
584 125 773 192 nnxll’ro.
1119 129 1174 194 XV

98 285 160 368 hug
188 307 272 349 annu
304 285 481 365 desinebat;
509 281 701 346 Athenarum
730 295 832 346 autem
857 234 976 348 cladem
995 283 1176 370 syncellus,

98 391 145 469 qui
166 387 225 447 hoc
240 389 374 471 Dexippi
391 409 467 470 opus
485 385 623 469 legebat,
648 385 706 448 sub
729 385 867 447 Gallieno
881 386 1041 468 contigisse
1059 387 1174 450 referte

97 508 186 568 napus
203 488 230 548 si
256 509 325 548 eam
349 509 417 548 cum
439 488 646 548 continuatore
664 486 825 567 Dionist),
845 507 937 568 quem
964 487 1099 548 Zonaras
1125 506 1175 548 se-

98 589 216 669 quitur,
231 589 355 648 biennio
366 591 463 648 serius
483 586 623 648 accidisse
644 598 830 665 statuamus,
850 597 886 646 ut
899 584 953 646 illo
967 588 1034 668 ipso
1054 586 1175 648 Claudii

95 689 311 774 cumprime,
342 687 424 770 269,
448 687 607 765 acciderit,
630 685 791 765 difficultas
811 686 1013 768 expediretur.
1053 687 1100 748 lta
1119 699 1174 750 aut

94 788 266 870 lingendum
276 790 334 848 erit
355 791 488 870 priorem
500 789 644 848 exstitisse
659 787 840 858 editionem,
857 787 896 846 de
910 809 971 868 qua
985 808 1076 848 nemo
1087 789 1175 869 quic-

94 909 183 970 quam
198 887 338 966 tradidit,
352 899 407 946 ant
417 887 651 962 concedendum,
666 887 785 948 laevam
796 885 957 948 bominum
966 889 998 946 in
1008 887 1176 950 honoribus

97 987 285 1049 aestimandis
305 1001 438 1051 mentem
451 1011 542 1067 eum,
564 1009 625 1070 quo
648 987 688 1049 ad
704 990 854 1048 maiorum
868 987 996 1070 gloriam
1008 986 1106 1050 elatus
1117 999 1176 1068 eet,

92 1097 252 1168 propterea
264 1089 439 1172 neglexisse,
450 1089 533 1174 quia,
546 1087 745 1150 tumultuarie
758 1111 777 1149 a
786 1098 967 1171 congregata
980 1086 1175 1149 multitudine

91 1185 238 1263 eollahra,
265 1187 386 1250 nullum
413 1191 446 1250 in
476 1189 559 1251 fastis
588 1189 713 1251 urbanis
733 1188 834 1250 locum
856 1189 1001 1276 haberet:
1025 1188 1175 1250 librorum

91 1287 203 1346 famam
228 1287 394 1368 extulisse,
415 1311 463 1350 res
485 1289 602 1352 sortiter
623 1289 719 1372 gestas
747 1287 865 1349 silentio
886 1292 1109 1350 transmisisse:
1133 1323 1174 1334 -

91 1407 175 1466 rem,
195 1399 323 1470 propter
337 1391 402 1451 eius
420 1390 487 1452 aevi
505 1391 695 1472 pravitatem,
707 1388 797 1471 plane
815 1409 878 1449 non
896 1389 1116 1450 incredibilem.

174 1487 280 1547 Vitam
309 1511 403 1572 usque
426 1491 466 1551 ad
486 1489 580 1552 Probi
599 1491 803 1574 principatum
817 1489 976 1572 perduxit,
998 1510 1094 1573 quum
1112 1490 1173 1549 iam

91 1583 325 1649 subValeriano
354 1589 509 1653 claruisset
521 1589 556 1676 ⁶).
653 1650 657 1657 .

172 1687 303 1771 Dexippi
323 1710 433 1772 opera,
456 1713 533 1774 quae
550 1693 589 1754 ad
608 1691 765 1754 historiam
787 1691 977 1776 pertinebant
992 1735 1003 1773 ,
1017 1691 1082 1760 tria
1102 1687 1176 1774 legit

91 1783 220 1848 Photius
229 1789 274 1866 ηε
297 1789 337 1850 de
358 1791 467 1873 quibus
481 1793 604 1876 singulis
618 1794 768 1877 agendum
785 1805 839 1854 eat.

174 1886 202 1948 l.
248 1880 295 1948 Tri
314 1885 395 1966 μετὰ
419 1884 635 1976 Ἀλέξανδρον,
668 1891 756 1954 libris
780 1903 911 1975 quatuor
937 1889 1174 1974 comprehensu

93 2005 128 2045 ex
143 1987 257 2070 quibus
277 1989 466 2051 notissimam
480 1993 680 2077 satrapiarurn
703 1993 882 2054 divisionem
897 1996 1004 2054 recitat
1020 1991 1175 2068 Photius3

90 2090 327 2171 scriptoremque
340 2091 374 2151 in
389 2091 564 2154 universum
583 2114 652 2156 cum
669 2093 801 2155 Arriano
817 2095 986 2156 consentire
1006 2093 1102 2158 docet.
1124 2089 1178 2152 Ad

90 2187 169 2249 hauc
196 2189 425 2252 Macedonicam
448 2191 604 2255 historiam
639 2193 796 2256 referenda
822 2214 888 2254 esse
909 2212 987 2276 quac
1009 2189 1052 2255 ill.
1074 2191 1177 2251 Maius

90 2289 216 2350 inventa
230 2292 263 2350 in
284 2291 396 2352 codicis
414 2289 600 2380 palimpsesti
614 2297 732 2377 paginis
745 2291 798 2353 81.
809 2292 863 2354 82.
881 2311 946 2354 roo.
972 2312 1039 2357 ror.
1059 2289 1174 2364 edidit,

91 2409 154 2450 nno
182 2389 279 2451 verbo
301 2396 453 2454 monuisse
480 2395 519 2455 ad
546 2395 738 2476 probandum
756 2391 884 2454 sufficit:
905 2390 1054 2472 siquidem
1078 2395 1176 2453 erano

94 2485 275 2570 llyperidis,
307 2494 371 2553 sive
399 2493 560 2576 adsumpta
583 2497 647 2556 sive
674 2494 761 2570 ficta,
795 2489 869 2553 belli
893 2491 1026 2551 Lamiaci
1054 2498 1176 2572 tempus

94 2597 217 2667 spectat.
258 2591 348 2652 Dicet
360 2592 484 2654 fortasse
500 2593 627 2675 aliquis,
644 2581 667 2654 a
682 2594 838 2672 Romana,
857 2612 921 2652 non
938 2590 1038 2652 dicam
1059 2591 1178 2673 Byzan·

91 2688 155 2746 tina
169 2687 308 2767 historia,
324 2690 421 2752 aliena
431 2714 492 2754 non
505 2693 642 2754 debuisse
655 2691 823 2754 collectioni
833 2701 954 2752 nostine
965 2691 1077 2750 inseri:
1092 2687 1176 2772 quod

92 2787 216 2867 quidem
238 2789 353 2850 factum
369 2793 501 2874 primum
516 2792 596 2854 mole
614 2795 719 2876 exigua
734 2793 846 2855 horum
865 2790 1104 2873 fragmentorum
1121 2789 1175 2850 de·

92 2886 234 2968 leudam,
262 2911 344 2974 quae
363 2913 546 2974 perparvum
572 2893 630 2955 sibi
658 2891 761 2954 locum
777 2891 949 2976 postulant,
965 2912 1061 2973 quum
1072 2900 1176 2950 minen

93 2984 141 3047 vel
160 2987 229 3048 ideo
246 2989 330 3070 quod
361 2991 522 3076 Hyperidis
548 3014 659 3054 nomen
684 3013 758 3075 prae
781 3008 814 3053 ae
829 2992 931 3053 femmt
951 2989 1178 3073 philologorum

93 3087 232 3148 notitiam
246 3102 418 3170 merentur,
437 3092 588 3175 denique,
610 3096 635 3154 si
653 3091 741 3154 aliter
756 3092 886 3153 facerem
910 3091 1177 3173 reprehensionem

94 3207 154 3246 non
180 3189 376 3273 effugissem
398 3215 494 3275 quum
522 3195 556 3253 in
583 3193 716 3276 editione
741 3192 879 3254 Romana
910 3194 1017 3252 ceteris
1046 3210 1125 3271 quae
1158 3207 1177 3250 e

94 3285 230 3370 Dexippo
244 3303 407 3373 supersunt
429 3292 602 3355 adhaerent.
645 3294 717 3372 Quo
741 3295 823 3354 enim
843 3291 935 3354 modo
960 3294 1016 3368 iis,
1039 3290 1092 3372 qui
1107 3309 1177 3366 eam

96 3403 155 3448 non
174 3389 342 3467 vidissent,
363 3404 501 3456 constare
517 3405 620 3476 posset
636 3415 686 3455 me
703 3415 766 3454 non
782 3404 895 3454 temere
907 3391 1076 3453 indicasset

136 3487 179 3552 11.
219 3485 379 3574 Χρονικῆν
407 3487 564 3576 ἱστορίαν,
602 3496 666 3556 sive
697 3492 821 3555 annales
838 3495 892 3570 θ),
923 3513 1015 3574 quam
1045 3489 1177 3553 Photius

95 3578 249 3666 σύντομον
283 3584 439 3675 ἱστορικὸν
465 3605 575 3672 vocat,
608 3615 663 3676 per
689 3592 911 3677 Olympiadas,
934 3592 1175 3675 archontumque

95 3695 124 3746 et
150 3689 306 3752 considam
334 3692 425 3756 fastos
456 3693 495 3756 ab
517 3693 661 3757 historiae
683 3697 798 3775 initiis,
825 3695 943 3758 omissis
964 3704 1066 3756 tamen
1089 3693 1178 3756 sabu·
1241 3747 1244 3754 e

117 3886 145 3959 5)
165 3888 198 3940 ln
215 3889 314 3961 eclogia
340 3911 407 3964 quas
426 3897 465 3949 ill.
484 3897 575 3951 hlaine
602 3891 703 3951 edidit:
727 3897 790 3950 coll.
814 3897 876 3950 Vat,
901 3897 937 3951 11.
964 3913 989 3965 p.
1012 3897 1072 3962 ²4⁰·
1149 3895 1179 3965 6)

162 3957 541 4111 ῗυὲιρῗιᾶιθέίξιῃῐίἰτῖξῖἑξ
555 3972 583 4092 tp
596 3969 621 4092 Li.
677 3972 705 4038 7)
723 3967 791 4024 coc.
814 3969 856 4024 82.
909 3971 937 4040 8)
947 3969 1087 4039 Euuapius
1096 3985 1124 4041 p.
1134 3968 1176 4025 58.
