2734 4634
250 147 333 231 206
663 166 884 235 monam

107 321 283 419 netto&
302 323 383 391 ιιατύ
402 320 460 408 τήν
478 324 541 389 τῶν
562 321 737 410 βαρβάρων
753 320 878 409 εἰλήφει
903 316 1033 407 χώραν,
1062 321 1111 408 τῷ
1127 320 1241 410 Βλήδη
1267 340 1319 390 πε·

151 420 210 473 Ῑῑῐί·
223 437 231 469 ¹
245 422 472 511 ριοπούύαστος
490 416 543 488 σύν.
585 424 784 487 ἀπολελοίπει
801 424 840 485 δύ
865 417 964 505 αύιήν
982 422 1019 486 ἐν
1037 422 1079 507 τῇ
1097 423 1240 506 Σκυθική
1260 447 1318 485 πα·

99 490 234 625 Τὴωὼήή
245 523 287 611 ροὶ
306 527 364 590 τού
382 520 520 606 Ἀπήλα
541 523 643 607 δῶρον
659 520 774 607 Ἀετύρ
792 518 961 606 πεμφθείς.
1002 517 1083 583 α’λλσὶ
1103 522 1161 603 τής
1178 520 1240 601 μὲν
1256 542 1319 583 τοι·

242 624 339 709 αύτης
359 620 531 705 διήμαρτεν
550 619 693 701 ἐλπίδος,
721 622 779 684 τού
793 614 935 703 Ἀπήλα
953 617 1197 701 χαλεπήναντος,
1219 612 1268 681 ύτι
1285 642 1319 701 χε

242 721 282 807 δή
307 724 341 799 ἐς
366 718 424 805 τήν
453 720 551 784 adrui
579 720 750 802 ἐπανῆλθε.
788 714 859 782 τότε
888 719 924 782 δὲ
952 713 1006 781 διὰ
1026 712 1083 781 τύν
1108 717 1165 799 τῆς
1185 717 1337 799 εύαχύιςό

242 819 352 907 καιρὸν
371 816 541 905 παρελθών
558 821 601 905 τῷ
619 840 655 882 τε
674 814 754 881 εἴδει
770 818 828 881 καί
844 824 909 891 τοῖς
929 814 1089 899 ἐσθήμασι
1109 816 1166 878 καί
1191 817 1234 903 τῇ
1253 840 1320 902 φω-

241 925 281 1009 νή
300 922 356 984 καί
373 926 439 994 τοῖς
459 920 699 1001 συγκεχυμένως
714 921 791 1001 παρ’
808 917 908 981 αύτού
922 916 1169 1001 προφερομένοις
1187 910 1318 997 ῥήμασι·

241 1022 280 1107 τῇ
298 1016 360 1105 γὰρ
384 1017 550 1083 Αύσονιλαν
568 1013 626 1101 τήν
645 1018 708 1081 τῶν
732 1007 861 1080 Ούννων
880 1015 935 1077 καί
951 1012 1008 1097 τήν
1027 1017 1088 1077 τῶν
1104 1015 1135 1076 Γ
1133 1012 1241 1075 ότθων
1256 1038 1320 1076 πα-

243 1116 398 1201 ραμιγνύς
425 1120 561 1199 γλῶτταν
589 1110 709 1190 πάντας
736 1116 857 1196 διέχεεν
884 1115 939 1178 καί
957 1113 991 1187 ἐς
1009 1103 1162 1193 ἄσβεστον
1181 1109 1320 1195 ὁρμήσαι

240 1219 360 1301 γέλωτα
387 1211 619 1301 παρεσκεύασε,
652 1211 734 1297 πλήν
760 1210 910 1296 Ἀπήλα.
949 1207 1047 1285 αύτύς
1072 1208 1134 1295 χοὶρ
1155 1206 1263 1291 ἔμενεν
1282 1210 1357 1283 α’·,ο

166 1311 385 1403 Ρ.68στεμφη“ς
410 1316 467 1379 καί
491 1312 525 1379 τὸ
552 1309 635 1391 εἶδος
655 1309 905 1397 ύμετύτρεπτος,
925 1314 982 1375 καί
1005 1310 1100 1375 mtto
1119 1299 1193 1373 ούτε
1211 1310 1321 1393 λέγων,

164 1408 316 1493 vaenire
335 1416 435 1478 πσιιύν
454 1414 588 1496 γέλωτος
607 1411 758 1496 ἐχόμενον
777 1413 941 1497 ἐφαίνετο,
961 1406 1043 1494 πλήν
1058 1403 1110 1473 ύτι
1129 1406 1187 1478 τύν,
1204 1405 1322 1473 νεούτα·

237 1521 292 1581 ’τον
310 1517 372 1581 τῶν
390 1514 513 1579 παίδων
536 1506 672 1598 (Ἠρνοῖς
693 1512 728 1576 δὲ
749 1502 847 1592 ὄνομα
861 1508 973 1597 ταύτην)
989 1505 1129 1573 εἰσιόντα
1148 1510 1206 1571 καί
1221 1531 1322 1591 παρε-

238 1617 344 1679 στῶτα
363 1604 444 1677 εἷλκε
459 1613 517 1694 τής
535 1614 687 1696 παρειαῖς,
717 1615 864 1695 χαληνοῖς
893 1604 1079 1690 ἀποβλέπων
1099 1599 1223 1689 ύμμασι
1240 1604 1321 1691 πρὸς

239 1712 349 1777 αύτύν.
389 1710 469 1793 ἐμοῦ
498 1712 533 1773 δὲ
561 1708 780 1789 θαυμάζοντος
800 1702 886 1783 ὅπως
903 1710 966 1771 ταῖν
983 1709 1043 1788 μὲν
1070 1700 1176 1771 ἄλλων
1194 1705 1353 1777 unedoni

238 1810 421 1895 ύλιμωροίη,
441 1804 521 1894 πρὸς
541 1809 577 1872 δὲ
596 1810 716 1873 ἐκεῖνον
736 1803 809 1891 ἔχοι
826 1804 883 1871 τόν
902 1810 994 1888 νούν,
1014 1802 1033 1867 ri
1053 1800 1322 1891 παρακαθήμενος

239 1908 413 1995 βάρβαρος,
432 1904 550 1983 συνιείς
569 1908 625 1991 τής
645 1902 816 1971 Αύσονίων
834 1908 943 1992 φωνῆς
962 1905 1017 1970 καί
1034 1906 1100 1967 τοῖν
1119 1909 1197 1987 παρ’
1215 1905 1318 1968 αύτοῦ

238 2030 296 2091 μοι
314 2005 543 2093 ῥηθησομένων
560 2008 661 2090 μηδὲν
678 2005 815 2089 ἐκλέγειν
828 2001 996 2091 προειπών,
1010 1999 1130 2090 ἔφασκε
1143 1998 1219 2079 τούς
1236 2001 1322 2083 μύν·

237 2130 302 2179 τοις
321 2109 365 2193 τῷ
381 2102 519 2193 Ἀπήλρι
539 2106 811 2191 προηγορεακέναι,
824 2102 861 2169 τύ
880 2106 942 2185 μὲν
961 2101 1063 2168 αύτού
1081 2102 1250 2165 πεσεῖσθαι
1267 2103 1322 2184 γέ·

223 2222 315 2287 Βνος,
335 2200 396 2268 ύπὸ
418 2206 456 2269 δὲ
474 2206 532 2269 τού
550 2200 665 2279 παιδὸς
685 2197 923 2289 ἀναστήσεσθαι
943 2198 1072 2267 τούτους
1100 2198 1144 2276 οἷς
1162 2202 1199 2264 δὲ
1218 2201 1255 2265 ἐν
1273 2204 1358 2287 roim

186 2360 187 2365 ,
235 2306 399 2391 συμποσίῳ
420 2296 521 2368 εἷλκον
540 2298 599 2385 τήν
618 2300 724 2382 νύκτα,
750 2298 982 2388 ύπεξήλθομεν,
1000 2298 1056 2365 ἐπί
1073 2296 1153 2364 πολύ
1173 2295 1221 2383 μή
1241 2303 1323 2381 βοο-

235 2404 383 2488 ληθένιες
401 2404 445 2490 τῷ
466 2398 552 2489 πότῳ
575 2408 830 2488 προσκαρτερεῖν.

312 2496 455 2587 Ἡμέρας
501 2502 537 2564 δὲ
572 2502 739 2586 χωομένης
775 2501 831 2566 ἐπί
863 2500 919 2566 τύν
952 2497 1132 2586 Ὀνηχήσιον
1161 2491 1325 2585 ἤλθομεν,

233 2690 317 2753 enim,
334 2702 394 2739 cnm
412 2686 455 2741 illi
466 2686 550 2741 Bleda
570 2687 681 2753 faveret,
703 2687 732 2740 in
749 2687 926 2743 barbarorum
943 2691 1053 2759 regione
1070 2696 1228 2760 acceperat,
1247 2705 1323 2742 eanr-

234 2759 338 2833 quein
358 2756 481 2825 Scythia,
504 2759 538 2809 ab
555 2759 641 2811 Attiln
664 2757 698 2811 sd
714 2760 824 2811 Aetium
845 2760 918 2811 dono
933 2762 1047 2823 missus,
1071 2761 1229 2831 reliquerat.
1265 2756 1322 2811 Sed

234 2828 286 2882 hac
299 2843 347 2897 spe
363 2825 506 2881 frustratus
522 2837 579 2892 est,
597 2829 662 2899 quia
673 2829 771 2881 Attiias
786 2831 830 2881 illi
844 2830 1013 2893 succensuit,
1031 2830 1108 2899 qnod
1124 2829 1221 2883 adsue
1237 2830 1325 2881 remi·

236 2907 344 2968 grasset.
361 2900 456 2967 ltaque
468 2906 535 2951 tuno
546 2907 654 2981 arrepta
669 2898 825 2953 festivitatis
839 2903 980 2953 occasione
994 2916 1171 2969 progressus,
1189 2907 1218 2952 et
1233 2901 1324 2953 forma

237 2978 267 3023 et
282 2968 380 3021 habitu
404 2976 433 3021 et
445 2970 667 3037 pronuntiatione
690 2979 719 3022 et
738 2969 826 3023 verbis
849 2972 961 3023 confuse
977 2971 1012 3021 ab
1033 2985 1067 3022 eo
1085 2971 1208 3039 prolatis,
1221 2972 1326 3023 Roma·

237 3056 288 3093 nae
299 3040 461 3090 Hunnorum
479 3046 508 3089 et
517 3037 669 3091 Gothorum
682 3039 802 3110 linguam
816 3042 1020 3103 intermiscens,
1037 3056 1131 3093 omnes
1143 3041 1255 3093 laetitia
1268 3044 1325 3093 im·

119 3117 121 3123 '
256 3110 323 3163 tevit
342 3116 370 3161 et
386 3108 495 3173 eiiecit,
513 3118 545 3161 nt
562 3109 592 3160 in
608 3110 797 3163 vehementem
815 3111 898 3162 risum
921 3119 1138 3181 prorumperent.
1173 3109 1230 3163 Sed
1245 3113 1324 3164 Aui-

235 3128 277 3234 fas
295 3194 401 3247 semper
420 3178 516 3232 eodem
533 3180 631 3243 vultu,
654 3182 743 3232 omnis
761 3182 923 3232 mutationis
940 3198 1051 3249 expers,
1074 3190 1104 3233 et
1116 3181 1247 3233 immotus
1259 3199 1327 3250 per-

235 3252 353 3313 mansit,
371 3264 462 3319 neque
478 3251 624 3320 quicquam
639 3250 743 3313 iacere,
761 3258 808 3302 ant
821 3249 926 3314 dicere,
945 3250 1020 3322 quod
1032 3254 1135 3314 iocum,
1152 3259 1202 3302 ant
1216 3250 1324 3304 hilari·

236 3330 319 3375 tatem
335 3336 399 3390 prae
416 3321 554 3383 referret,
572 3330 731 3389 conspectus
744 3328 797 3373 ert:
814 3329 922 3389 praeter
938 3338 1020 3392 quam
1037 3321 1113 3393 quod
1129 3322 1272 3373 iuniorem
1288 3339 1326 3374 ex

236 3394 300 3443 tiliis
317 3392 502 3443 introeuntem
527 3399 556 3442 et
578 3391 784 3453 adventantem,
801 3393 913 3444 nomine
930 3392 1042 3455 lrnsch,
1060 3391 1177 3461 placidia
1190 3398 1219 3443 et
1238 3392 1326 3445 laetis

237 3463 324 3513 oculis
343 3468 386 3512 est
404 3461 539 3523 intuitus,
565 3470 593 3513 et
616 3477 677 3513 eum
702 3478 769 3532 gena
792 3461 882 3513 traxit
924 3462 980 3532 Ego
1002 3478 1066 3515 vero
1079 3479 1140 3514 eum
1159 3460 1327 3526 admirarer,

235 3530 350 3582 Attilam
368 3532 488 3601 reliquos
506 3546 569 3583 suos
585 3531 688 3584 liberos
732 3531 788 3583 arvi
803 3530 907 3595 facere,
935 3534 970 3586 sd
990 3531 1064 3584 hunc
1082 3532 1172 3583 solum
1195 3534 1325 3585 animun

238 3598 364 3662 adiicere,
382 3618 451 3653 unus
470 3618 502 3653 ex
520 3600 655 3666 barbaris,
673 3620 721 3673 qus
739 3618 823 3672 prope
841 3618 885 3654 me
902 3602 1017 3655 sedebat
1035 3610 1064 3655 et
1077 3602 1193 3655 Latinae
1207 3603 1326 3673 linguae

237 3686 315 3721 nsum
332 3668 465 3734 habebat,
483 3671 536 3725 fido
554 3673 629 3742 psius
647 3680 773 3743 accepta,
788 3689 832 3724 me
847 3672 918 3723 nihil
932 3690 1041 3737 eorum,
1060 3687 1130 3742 quae
1149 3672 1325 3732 dicerentur,

237 3739 438 3809 evulgaturum,
457 3740 544 3806 dixit,
564 3751 639 3795 rates
649 3744 750 3796 Attilae
769 3742 932 3796 vaticinatos
947 3759 1024 3807 esse,
1041 3743 1102 3796 eius
1119 3760 1222 3812 genus,
1244 3741 1326 3815 qnod

237 3808 362 3891 alioquin
383 3810 556 3864 interiturum
581 3820 655 3875 erat,
679 3813 714 3865 ab
735 3813 786 3867 hoe
803 3828 889 3882 puero
906 3822 1086 3866 restauratum
1110 3813 1154 3867 iri.
1198 3814 1239 3867 Ut
1255 3831 1325 3866 vero

162 3934 168 3955 ρ
233 3880 387 3933 convivium
405 3878 439 3929 ad
455 3884 567 3933 multam
585 3891 693 3935 noctem
711 3891 918 3954 protraxerunt,
945 3900 1001 3937 non
1020 3883 1123 3938 diutius
1141 3880 1223 3935 nobis
1244 3898 1326 3937 oom-

231 3949 368 4019 potationi
386 3947 578 4018 indulgendum
597 3968 655 4005 esse
673 3954 725 4005 rati
741 3954 879 4007 exivimus.

302 4020 357 4087 Die
373 4026 483 4083 exorto,
502 4023 664 4093 Onegesium
681 4022 815 4093 adirimns
833 4022 972 4090 doentcs,
987 4028 1040 4092 nos
1054 4022 1157 4077 dimitti
1169 4031 1324 4095 oportere,
