2734 4634
262 108 303 181 in
331 116 514 183 scuoass
544 116 711 183 ananim
737 119 883 185 1ssu1u.
905 136 912 151 ⁴
1031 94 1108 183 581

36 280 111 348 rut,
133 281 170 331 ut
191 270 242 333 alii
264 273 401 352 habent,
421 272 530 335 Basilio
559 273 757 336 Consulatum
777 281 882 359 gessit,
918 280 1114 361 quemadmo-

36 352 111 412 lum
134 354 277 419 discimus
298 378 333 417 ex
345 358 445 419 Fastis
461 357 675 419 Consularibus
688 360 768 440 apud
784 361 993 423 Cassiodorum
1007 408 1017 440 ,
1031 365 1115 425 Mar·

36 433 182 497 sellinum
203 450 233 498 et
253 436 418 501 Auctorem
439 440 580 501 Chronici
601 442 806 502 Alexandrini.

108 520 188 601 Pag.
205 522 251 583 18.
262 522 391 605 A.[473,
401 522 467 605 ao]
492 524 738 598 Tarasrcodisam,
754 526 1112 612 Rasambladeotifilium.
1197 600 1202 605 ⁷

36 601 162 662 .³atrem
180 605 309 665 Zenonis
329 604 424 677 solus,
456 606 537 687 quod
558 609 670 683 sciam,
702 621 915 669 commemorat
936 612 1111 675 Candidus:

36 682 70 743 le
93 687 195 765 patria
217 708 318 747 nemo·
334 689 468 770 ambigit.
512 689 730 771 Primigenium
749 703 850 751 autem
874 691 954 752 illius
982 696 1016 752 ac
1043 694 1114 753 bar·

36 786 149 827 aarum
176 790 285 829 nomen
316 773 397 831 varie
428 794 446 830 a
477 774 568 833 variis
595 776 783 855 concipitur,
813 786 848 835 ut
881 775 945 834 fieri
973 788 1054 835 amat
1081 779 1115 837 iu

36 851 203 932 seregrinis
225 853 359 913 vocibus.
401 854 547 913 Omnium
568 859 696 915 maxime
716 856 835 917 aberrat
854 878 873 916 a
892 869 974 917 recto
994 862 1114 919 tramite

36 933 186 1015 Euagrius
212 935 265 996 lib.
295 956 325 995 a.
358 958 424 1017 cap.
454 936 500 998 15.
524 960 533 996 r
560 938 654 997 Λέων
676 938 711 999 δὲ
731 935 875 1017 γαμβρὸν
894 936 947 999 s'ni
977 937 1116 1020 θυγατρὶ

36 1010 183 1100 Αριάδνῃ
204 1012 478 1096 προσλαμβάνεται
499 1015 640 1098 Ζήνωνα,
673 1019 862 1101 Ἀρικμῆοον
880 1020 938 1095 μὲν
956 1020 991 1081 ἐκ
1011 1045 1115 1103 σπαρ-

36 1094 138 1157 tetros
167 1094 368 1176 καλούμενον.
410 1102 532 1161 Rectius
559 1102 705 1180 Agatbias
740 1102 939 1163 scholasticus
976 1105 1056 1164 libro
1080 1104 1113 1184 4.

36 1200 105 1260 sag.
136 1182 204 1246 135.
232 1182 371 1243 editionis
393 1182 543 1243 Graecae:
577 1180 690 1261 Ζήνων
712 1179 908 1260 ὄῬωμαιίον
924 1183 1114 1283 βασιλεύςὸ

36 1263 190 1341 (caunac,
214 1256 248 1335 ὃς
269 1260 309 1343 δὴ
333 1259 440 1343 πρώην
466 1266 757 1347 Τοροσισκωὸτοεος
784 1266 1019 1344 ἐπωνομαζετο,
1048 1264 1112 1328 sind

36 1342 131 1403 [λλου
154 1364 188 1404 τε
209 1344 265 1405 κατ’
277 1344 470 1407 Βαστλίσκοο
491 1346 546 1408 καί
559 1338 708 1419 Κόνωνος
726 1345 981 1424 ἑπτβοολεοθτίς,
1003 1370 1114 1428 συνερ-

36 1422 150 1506 ὀύσης
171 1426 203 1499 ἐς
227 1422 265 1487 τὰ
285 1424 425 1505 μάλιστα
445 1425 658 1510 καίΒηρίνης,
680 1429 853 1490 ἑκτέοτοοκε
874 1430 928 1508 τῆς
943 1429 1112 1511 ἀρχῆςτῑο.

36 1510 187 1589 nterpres
206 1509 314 1592 dialysi
338 1512 444 1570 vitiosa
469 1532 541 1571 usus
563 1513 604 1572 sie
627 1514 717 1573 vertit
740 1534 809 1593 pag.
836 1534 903 1594 ¹27·
923 1535 931 1572 τ
955 1514 1039 1573 Zeno
1063 1516 1115 1573 ille

36 1590 159 1651 isarnus
185 1594 387 1653 Romanorum
401 1594 589 1677 Imperator,
623 1598 676 1679 qni
704 1609 792 1654 arstea
825 1596 945 1654 Turesis
977 1594 1114 1657 Codiscus

36 1676 313 1753 rognominabatar,
357 1676 473 1736 insidiis
513 1680 544 1737 ei
572 1698 630 1761 per·
656 1678 775 1739 Hillam
820 1690 849 1736 et
875 1678 1053 1737 Basiliscum
1084 1694 1117 1739 et

36 1758 183 1816 Chaonem
211 1760 336 1831 structis,
367 1759 567 1821 coadtbvante
591 1763 751 1845 praecipue
771 1760 889 1835 Berine,
908 1762 1032 1843 imperio
1057 1784 1114 1821 cx·

36 1840 109 1899 :ctist
129 1851 187 1900 etc.
230 1840 346 1901 Auctor
370 1841 512 1903 Chronici
537 1838 734 1903 Alexandrini
754 1842 875 1901 errandi
902 1864 1006 1902 ansam
1035 1844 1113 1905 Vul-

36 1924 122 1981 :anio
145 1922 288 2004 praebere
320 1934 458 2005 poterat,
485 1926 511 1984 si
541 1927 602 1984 iam
630 1947 647 1985 e
678 1926 809 1986 tenebris
836 1926 866 1983 in
891 1923 990 1985 lucem
1015 1925 1113 1989 editus

36 2005 158 2065 uisset:
182 2006 223 2065 sic
237 2006 317 2065 enim
326 2007 510 2067 dimidiatam
527 2008 671 2069 duntaxat
683 2030 788 2071 vocem
802 2019 927 2086 usurpat
940 2008 1008 2067 lud.
1024 2008 1111 2084 XII,

36 2086 90 2146 sub
117 2086 282 2148 Consulatu
309 2090 417 2149 Leonis
440 2091 589 2151 Iuriioris:
623 2090 805 2169 idnorlevoe
826 2085 937 2168 Ζήνων
956 2086 973 2150 ὁ
994 2090 1112 2150 Κοδιο-
1149 2155 1151 2158 ,

36 2163 108 2240 reric
131 2166 148 2229 d
170 2162 314 2250 Ἴοαυρος
333 2166 414 2248 μετὰ
434 2173 489 2232 τοῦ
511 2172 593 2233 ἰδίου
616 2169 742 2252 ἐκγόνου
757 2171 893 2242 Λέοντος
914 2167 1014 2249 ὀλίγον
1033 2170 1114 2253 χρό-

36 2271 97 2313 νον.
129 2252 336 2335 ΙΤΙοεορΙτοοοε
366 2258 399 2313 ia
424 2255 576 2315 Chronico
595 2255 633 2315 ad
658 2276 773 2315 aunum
790 2255 920 2314 Zenonis
942 2252 972 2313 8.
996 2275 1112 2315 sacram

36 2335 164 2396 Verinae
182 2336 346 2416 Augustae,
365 2339 495 2397 Zenonis
515 2358 628 2415 socrus,
653 2338 755 2410 refert,
774 2339 805 2396 in
822 2358 881 2417 qua
899 2338 1057 2417 imperium
1070 2359 1112 2399 -se

36 2418 148 2479 Zenoni
165 2419 323 2479 tradidisse
341 2418 505 2500 gloriatura
534 2414 614 2495 ἴστε,
638 2411 688 2479 ὅτι
707 2414 743 2478 ri
774 2417 934 2495 destinor
964 2411 1109 2499 ἡμέτερόν
1119 2423 1146 2476 P.
1167 2423 1215 2475 τοῦ

36 2498 123 2578 ἔστι,
151 2499 206 2561 κατ’
220 2492 269 2560 ὅτι
289 2496 370 2576 μετὰ
390 2498 447 2580 τήν
468 2500 641 2577 duodenam
660 2500 719 2561 rori
738 2499 818 2577 ἐμοῦ
838 2494 954 2580 ἀνδρὸς
971 2499 1108 2573 Λέοντος

36 2580 319 2665 sangermanenses
339 2583 471 2659 βασιλέα
495 2584 767 2665 Ταροσκολισαῖον
794 2576 848 2642 τὸν
873 2583 1109 2662 μετακληθέντο

36 2660 166 2745 Ζήνωνα
184 2677 242 2725 etc.
286 2665 421 2726 Certiora
443 2666 481 2726 de
505 2665 552 2725 his
583 2665 733 2725 affirmare
754 2686 927 2808 possemus,
953 2667 980 2725 si
998 2667 1109 2728 iniuria

36 2770 203 2829 amporam
223 2770 285 2808 non
320 2751 453 2829 ¹periisset
482 2748 634 2809 Eustatlrii
661 2750 730 2829 Syri
767 2749 946 2824 uenbratio,
976 2750 1009 2808 in
1026 2769 1106 2829 qua,

35 2842 107 2893 :este
123 2832 256 2913 Euagrio
275 2852 343 2892 mox
365 2833 474 2905 citato,
494 2830 571 2891 wide
591 2833 644 2891 iste
667 2832 752 2891 Zeno
775 2832 818 2891 ad
842 2844 955 2893 aaran
977 2831 1108 2911 digm'ta·

36 2928 89 2975 em
109 2914 300 2987 ascendisset,
324 2927 353 2973 et
368 2936 457 2998 quom
480 2914 517 2972 ob
546 2934 664 2973 cainam
693 2916 825 2977 omnibus
847 2934 868 2973 a
891 2914 988 2973 Leone
997 2915 1110 2992 flasset

36 2998 197 3071 ancletus,
223 2998 526 3056 commemorabatur.

114 3080 190 3161 Peg.
213 3079 260 3140 18.
276 3082 311 3139 B.
330 3080 492 3162 [473,aa.]
512 3076 724 3138 Aululariam.
770 3076 859 3137 Hunc
874 3078 1018 3139 maiorem
1032 3089 1107 3141 natu

36 3162 156 3243 Asparis
179 3162 275 3222 lilium
304 3183 421 3243 avoque
438 3181 492 3221 suo
513 3165 723 3241 cognominem
744 3181 763 3219 a
794 3161 895 3220 Leone
923 3161 1004 3244 Aug.
1031 3164 1107 3221 Cae-

36 3267 129 3307 sarem
151 3256 282 3305 creatum
307 3244 396 3305 fuisse
418 3243 609 3324 persuadebit
635 3244 786 3324 Interpres
803 3244 926 3325 Euagrii
952 3247 1008 3318 iis,
1032 3245 1105 3323 qui,

36 3332 140 3388 usitato
159 3328 296 3411 plurimis
317 3348 420 3402 more,
437 3329 551 3387 Graeca
569 3324 724 3386 consulere
738 3325 949 3408 dedignantur.
992 3326 1106 3385 Locum

36 3412 118 3485 side,
139 3433 228 3493 quem
243 3409 333 3491 passio
355 3420 425 3469 ante
443 3408 660 3488 exscripsimus.
704 3409 827 3472 Priscus
839 3432 907 3491 pag.
916 3410 968 3482 40.
999 3404 1105 3467 editio·

36 3496 78 3554 nis
97 3498 203 3575 regiae,
228 3494 267 3553 ab
292 3514 326 3552 eo
345 3504 498 3574 superatos
518 3491 681 3551 Saracenos
705 3491 745 3551 ad
767 3494 962 3567 Damascum,
990 3510 1105 3551 memo·

36 3588 91 3639 rat.
132 3576 272 3637 Eundem
287 3574 477 3657 tyrannidem
490 3577 518 3631 in
538 3574 702 3633 Occidente
717 3574 890 3634 molientem
910 3571 1023 3652 expulit
1039 3574 1105 3633 Aa·

36 3660 160 3721 themius
178 3659 345 3738 Imperator
365 3656 445 3739 apud
465 3657 508 3718 Ca
609 3677 675 3715 rum
701 3659 732 3717 in
749 3658 877 3728 Cimon„
901 3656 1056 3715 Marciano
1077 3666 1107 3715 et

36 3746 154 3803 Zenone
176 3741 275 3811 Coss.¹
303 3738 519 3799 ChronicoaA
611 3739 745 3815 deinum,
770 3738 907 3798 Rusticio
926 3748 957 3796 et
977 3736 1106 3819 Olybrio

36 3828 128 3901 Coss,
153 3844 231 3883 anno
240 3822 350 3883 Christi
374 3821 460 3900 464,
482 3822 548 3881 lnd.
566 3822 621 3898 ll.,
639 3823 743 3881 scribit
767 3821 856 3881 evita
875 3821 1017 3902 migrasse
1035 3842 1105 3880 san·

36 3921 114 3970 ctum
140 3908 318 3990 symeonem
348 3904 486 3986 Stylitam
511 3948 520 3980 ,
562 3892 649 3975 ὄντος
683 3898 751 3963 τότε
788 3894 921 3982 νόμιμος
952 3897 1106 3982 ἀνατολῆς

36 3985 257 4075 >insudaveris
278 3978 337 4051 rori
356 3984 521 4069 uorpnes‘ov
545 3986 601 4047 τοῦ
622 3979 694 4047 οἱοῦ
706 3974 875 4065 ”Anconae
896 3983 955 4046 rori
974 4006 1106 4068 στρατη-
