2734 4634
494 139 548 208 ult
575 136 719 208 emo.
871 142 879 165 “
1053 141 1152 212 xxltl

54 303 115 380 post
132 305 281 360 mortem
300 318 319 360 a
338 295 470 380 Corippo
491 296 562 360 boni
578 299 758 381 cognomine
775 295 937 384 insignitur
949 295 1008 382 ὓ),
1029 310 1066 363 ut
1077 301 1153 365 olim

54 398 113 456 Rex
138 396 271 459 Ancus.
318 399 406 478 Quae
417 399 654 462 tammvirnates
671 419 733 460 aon
754 397 877 464 obstant
894 401 1058 484 quominus
1080 424 1154 466 vere

55 495 231 580 Procopius
255 499 289 558 ei
312 497 492 580 exprobrare
517 500 650 580 potuerit
678 498 902 562 lirmcissimum
923 499 1039 581 iuriam,
1059 511 1153 586 aque

54 595 236 677 inexplebili
263 596 443 660 divimrun
460 597 624 680 cupiditate
652 599 808 660 incensum
828 599 886 679 st),
919 602 1046 664 avaritie
1070 602 1152 664 enim

54 697 138 777 apud
176 699 311 760 orientis
342 695 488 780 populos,
526 697 565 760 ad
594 699 771 760 servitutem
806 699 980 782 prolapsos,
1011 720 1154 785 persaepe

54 799 317 880 etiamairornm
332 798 457 860 minium
476 797 627 860 maiouim
645 799 762 860 mimos
778 799 914 862 invadite
937 821 1068 884 quorum
1095 800 1153 864 bo·

54 899 140 958 uitas
153 919 190 960 eo
205 909 333 960 tanturm
349 897 464 974 elucet,
485 899 568 983 quod
590 919 690 983 nepte
706 898 869 962 crudeliter
882 912 976 984 agunt
989 923 1154 967 numorum

55 1018 168 1077 caum,
190 1019 298 1082 noque
319 1002 368 1062 ius
399 997 533 1063 violant:
553 998 657 1084 quales
676 1010 748 1061 sunt
769 1000 832 1061 lere
858 1002 884 1062 si
903 1003 958 1085 qui
977 1005 1058 1065 inter
1069 1005 1153 1066 Tur·

57 1117 107 1157 cas
128 1101 190 1161 viri
206 1099 288 1161 boui
308 1098 464 1162 dicuutur.
504 1101 541 1162 ln
555 1121 617 1183 quo
641 1121 748 1184 genere
771 1099 889 1162 illustre
905 1101 1075 1185 exemplum
1088 1113 1153 1165 erat

60 1200 210 1262 memoria
228 1221 300 1261 mea
313 1200 541 1264 Mohammedcs
553 1221 651 1276 senex,
674 1199 817 1284 Algesiac
827 1210 958 1285 senape.
989 1201 1074 1264 Nihil
1093 1203 1153 1266 hoc

58 1301 127 1360 rino
153 1300 287 1379 mitius,
321 1299 448 1382 eiusque
459 1299 520 1362 lide
551 1300 623 1362 data
645 1299 724 1361 nihil
754 1302 905 1363 sanctius:
936 1311 969 1362 at
990 1301 1071 1362 idem
1087 1323 1153 1364 noa

59 1397 158 1458 solum
179 1399 245 1458 nisi
278 1419 385 1480 paoem
401 1398 441 1460 ab
462 1419 500 1461 eo
516 1398 711 1479 rodemiam,
731 1400 891 1480 piraticam
912 1400 1087 1480 exmoebat3
1104 1403 1152 1463 vi·

59 1495 229 1580 elataque,
251 1500 321 1560 sine
338 1519 393 1560 sua
413 1497 526 1582 eulpa,
549 1521 643 1582 pace,
663 1500 801 1582 gudurm
822 1519 885 1562 esse
905 1499 1023 1579 credo;
1044 1522 1153 1564 verum

60 1601 150 1659 etiam
170 1597 314 1681 qnotidie
333 1618 386 1682 per
408 1619 565 1682 vesperam
586 1601 686 1661 aureis
703 1598 898 1662 numerandis
913 1621 947 1662 se
967 1599 1148 1662 delectabat.

63 1695 273 1759 Praedivitem
289 1709 370 1762 certe
392 1699 484 1760 luisse
502 1699 627 1760 Petrum
646 1698 716 1760 inde
739 1698 929 1782 colligimus,
950 1699 1034 1782 quod
1052 1699 1151 1762 insula

65 1796 212 1874 Aoonitis,
234 1801 269 1858 in
285 1819 347 1882 qua
367 1803 441 1866 cotie
463 1801 583 1864 fodinae
600 1804 824 1884 exercebantur,
847 1804 965 1886 integra
982 1825 1039 1887 pro
1057 1805 1152 1868 liundo

66 1896 103 1956 ad
119 1917 191 1958 enm
211 1899 440 1980 pertinebat⁸²).
463 1899 579 1962 Eadem
599 1905 753 1963 servitutis
773 1903 891 1964 miseria
913 1905 995 1964 viros
1013 1905 1152 1986 quamvis

66 1995 161 2059 bonos
176 2000 397 2060 immanissima
415 2001 558 2083 principis
574 2001 651 2062 iussa
666 2023 725 2084 pro
741 2004 876 2064 numinis
888 2003 1017 2064 oraculis
1032 1987 1152 2088 &secui

68 2099 164 2180 cogit,
182 2100 273 2180 quasi
289 2097 368 2160 nihil
381 2099 507 2162 arbitrio
530 2121 585 2162 suo
608 2100 831 2164 relictum'sit:
857 2105 961 2185 itaque
979 2125 1153 2165 asseverare

67 2217 126 2256 uon
141 2197 289 2260 auderem
304 2199 486 2262 colinariam
497 2201 716 2284 esaeProcopii.
725 2205 877 2264 narrantis
885 2201 1153 2263 Theodaheduma

68 2295 159 2358 Petro
185 2297 226 2359 ed
246 2297 487 2361 >Amalasnnthae
508 2321 613 2362 necem
637 2304 798 2362 incitatum
816 2322 880 2362 esse
902 2301 961 2380 ⁸³):
983 2301 1041 2360 nisi
1064 2321 1154 2361 causa

69 2419 161 2478 Qum
181 2397 268 2460 affert
284 2419 340 2459 cur
362 2399 524 2461 Theodora
541 2401 665 2460 exitium
687 2399 815 2461 infelicis
839 2401 961 2482 regium
981 2383 1154 2461 machinata

71 2507 150 2556 esset
163 2507 227 2557 tam
246 2517 354 2580 parum
371 2494 523 2560 credibilis
545 2499 622 2560 toret
631 2541 645 2572 ,
663 2508 699 2559 ut
714 2499 773 2559 huc
794 2518 916 2581 qumpre
941 2497 1054 2558 crimen
1086 2519 1153 2559 me·

73 2594 188 2657 ledictis
208 2618 336 2659 vesanae
360 2597 565 2682 impudentiae
584 2599 733 2661 accenseri
755 2619 844 2681 posse
863 2598 1024 2659 confidam.

152 2697 245 2758 Petro
260 2697 394 2758 Patricio
408 2697 515 2760 Suidas
536 2692 677 2778 ἱστορίας
695 2697 821 2758 tribuit:
846 2697 927 2758 unde
947 2701 1058 2780 petitae
1071 2697 1151 2760 eclo-

76 2815 127 2876 gae
153 2797 185 2856 in
205 2807 337 2880 utroque
355 2796 445 2859 titulo
465 2796 503 2860 de
523 2797 725 2880 legationibus
743 2807 883 2858 amant:
904 2817 1034 2880 quarum
1052 2797 1153 2880 prima

77 2894 112 2954 ad
135 2897 295 2978 imperium
317 2897 461 2978 Tiberii,
482 2896 589 2958 ultima
613 2897 719 2959 adres
741 2918 760 2957 a
789 2895 931 2972 loliano,
954 2895 1054 2958 adhuc
1076 2896 1153 2958 Cae-

78 3014 155 3072 sare,
174 2995 233 3056 sub
252 2999 393 3080 auspiciis
412 2997 579 3059 Constantii
593 2999 626 3058 in
639 2994 738 3057 Gallia
760 3005 857 3078 gestas
875 2997 1016 3077 pertinet.
1060 2995 1153 3074 Quod

79 3093 100 3152 ri
118 3091 242 3156 ulterius
254 3117 430 3179 progressus
449 3107 526 3158 esset
538 3098 586 3176 ,is
609 3097 662 3179 qui
680 3095 798 3178 eclogas
825 3095 953 3156 confecit
974 3116 1037 3156 non
1058 3095 1155 3176 magis

79 3193 107 3251 in
126 3194 219 3255 Petro
238 3217 330 3278 quarn
351 3199 383 3256 in
410 3198 514 3258 ceteris
537 3196 674 3257 ultimam
691 3196 790 3278 operis
809 3206 926 3277 partem
953 3193 1151 3277 neglexisset:

79 3293 172 3375 itaque
187 3315 257 3355 eum
276 3295 369 3356 linem
393 3295 496 3357 iecisse
513 3295 568 3356 ubi
585 3295 747 3376 Eunapius
758 3315 806 3354 res
825 3293 914 3375 plene
933 3313 1058 3354 narrare
1076 3291 1153 3352 inci-

78 3392 171 3472 piebat
204 3414 267 3455 non
297 3395 414 3456 dubito.
458 3396 574 3456 Verum
599 3397 631 3455 in
654 3416 716 3477 quo
736 3405 873 3476 tempore
903 3390 1045 3452 historiae
1080 3411 1152 3452 suae

80 3491 193 3552 initium
211 3494 422 3573 constituerit,
446 3516 482 3556 ea
500 3496 636 3578 quaesfio
651 3515 714 3556 non
734 3515 829 3575 selue
846 3501 928 3553 certe
943 3489 1076 3574 expediri
1095 3512 1152 3572 po-

79 3598 147 3650 test:
174 3612 281 3674 regum
300 3603 403 3654 tamen
424 3591 571 3677 liberique
585 3593 690 3676 populi
711 3593 840 3653 Romani
854 3601 990 3672 tempora
1011 3601 1154 3651 tractasse

81 3709 133 3748 non
147 3689 325 3752 crediderim
336 3716 346 3771 ς
359 3715 453 3776 quum
468 3703 591 3776 propter
599 3691 771 3775 eclogarum
788 3713 823 3752 ex
841 3691 982 3751 universo
1000 3689 1060 3749 hoc
1075 3699 1154 3748 tens·

80 3811 144 3873 pore
160 3789 325 3872 defectum,
337 3804 403 3854 tum
417 3796 561 3878 quianon
582 3791 671 3856 video
693 3790 768 3875 quid
782 3790 937 3885 hominem
954 3787 1154 3873 Byzantinum

110 3969 151 4038 lo)
168 3967 308 4038 Corippus
328 3968 362 4021 de
383 3967 455 4022 laud.
474 3971 539 4020 lust.
561 3970 578 4021 l.
597 3967 638 4037 ad.
710 3968 757 4093 3?
773 3967 882 4037 Procop.
901 3966 955 4018 ll
1018 3965 1064 4038 aa)
1081 3966 1153 4019 ller-

141 4039 248 4094 molsus
265 4039 297 4094 in
316 4039 433 4096 ethnicis
452 4039 620 4109 stephanis.
640 4053 661 4094 v.
680 4034 729 4092 ’Λκ
748 4053 805 4094 ναι.
844 4040 906 4112 ,33)
921 4034 1152 4106 tnecu.16.p.47.
