2734 4634
209 178 290 262 292
643 175 852 240 EXCERPTA

68 345 136 399 Ac.
148 345 257 417 566ρει
277 327 295 394 ό
317 324 478 412 Μεβιόόής
498 327 574 404 τοός
594 321 664 409 ἅμα
684 325 714 392 οἰ
735 325 939 414 Σαρακηνσός
960 329 993 404 ές
1014 325 1125 410 λόγους
1147 331 1230 396 ἰέναι
1250 333 1295 418 τῷ

96 415 426 516 ’Ψιέόαότσκρότορα
465 427 584 491 εἵποντο
609 425 671 512 γὰρ
714 430 801 514 α’μφί
831 427 906 502 τούς
934 423 1165 512 τεσσαρόκσντα
1192 429 1299 518 οἰκείῳ

66 491 271 594 munnam*
289 526 464 612 πρεσβευτῇ
482 523 673 608 ταττόμενοι.
710 526 727 590 ό
747 525 810 612 γὰρ
831 528 895 592 τῶν
916 527 1106 612 Σαρακηναῖν
1127 525 1299 612 φύλαρχος

199 621 344 710 ’Λμβρσς
369 625 533 705 ἐκπέμψας
564 623 691 710 όπήρχε
723 628 778 689 καί
806 621 880 709 dyo
908 624 967 703 ξόν
986 627 1031 714 τῷ
1052 625 1197 714 Μεβιόόῃ
1219 649 1302 710 πρε-

208 725 319 807 σβείαν
340 724 644 807 όιαλεχβήσομένσυς
664 727 740 809 περὶ
769 715 815 788 ὦν
833 719 1004 808 χρημάτων
1032 721 1111 809 πρός
1137 721 1318 790 dovoriae-5

209 828 290 889 ανοιῖ
311 819 507 902 ἐκομίζοντο.
556 820 719 906 Μεβώόής
744 815 802 888 σόν
821 825 880 889 τοῦ
900 825 1022 888 σκοποῦ
1042 825 1101 887 τοῦ
1120 824 1197 908 περὶ
1215 827 1303 888 Σου-

210 920 301 997 ανέας
320 915 481 1005 ἁμαρτών,
502 914 545 994 ὥς
565 914 605 985 όν
624 918 668 1004 μή
692 918 791 1009 πάντῃ
812 914 973 1008 ἄπρακτος
993 919 1204 1005 ἀναχωρήσει,
1230 917 1303 984 ἔπιε

209 1016 385 1102 μελέστατό
405 1043 473 1094 πως
494 1012 650 1101 ἠντιβόλει
669 1021 727 1103 τής
747 1019 791 1094 τός
803 1019 937 1103 βασιλέα
949 1029 1060 1104 τυχεῖν
1076 1019 1203 1084 εἰσόδου
1223 1016 1304 1094 toric

211 1117 422 1205 Σαρακήνοός.
463 1118 520 1182 καί
547 1116 650 1182 τοίνυν
681 1115 853 1201 ὑπολαβών
880 1113 896 1182 ὅ
927 1115 1141 1202 odiosorum,
1163 1121 1222 1200 „sl
1237 1117 1303 1202 γὰρ

211 1219 321 1302 dira?
338 1216 411 1302 ἔφη,
430 1214 618 1299 ,βούλονται
632 1215 745 1281 οἴεσθ’
766 1213 1072 1304 όμᾶςΣαρακηιόι’;”
1092 1216 1134 1291 ὥς
1146 1219 1182 1282 δὲ
1201 1213 1341 1299 έγκεί-ιο

212 1341 308 1399 μενον
328 1311 431 1402 ἓιόρα,
453 1318 619 1381 κατένευσε
638 1313 725 1405 μόνῳ
748 1318 878 1382 εἰσιέναι
905 1318 949 1404 τῷ
970 1318 1095 1381 ἐκείνων
1114 1319 1308 1402 πρεσβευτῇ.

212 1410 362 1498 ήπέστατσ
385 1410 460 1499 γὰρ,
480 1413 524 1488 ὥς
545 1409 863 1497 ἇπαυθαόιαζόμενος
881 1409 939 1480 οἰκ
960 1409 999 1480 όν
1020 1417 1120 1480 ἕλοιτο
1142 1407 1218 1479 ἄνευ
1242 1418 1307 1479 tois

119 1537 147 1592 p,
158 1510 375 1597 ,οςέπομένων
393 1513 437 1589 ὥς
456 1517 590 1595 βασιλέα
611 1519 777 1601 φοιτῆσαι,
794 1509 862 1578 ἀλλ’
881 1509 985 1598 ὥσπερ
1004 1511 1098 1598 ήνίκα
1114 1511 1202 1598 nupsi
1220 1513 1307 1578 Ἰου-

213 1609 374 1678 στινιανόν
396 1611 453 1690 ’ξύν
475 1607 575 1676 όπασι
592 1621 657 1688 τοῖς
677 1611 746 1695 ἅμα
761 1607 868 1688 αότοῖς
884 1614 1150 1698 τοῖνΣαρακήνῶν
1170 1611 1200 1675 οἰ
1226 1615 1308 1696 πρέ·

214 1718 301 1795 σβεις
321 1712 477 1794 ἐγένοντο,
507 1711 563 1776 καί
588 1712 640 1778 τόν
669 1708 753 1776 οὕτω
774 1711 948 1790 βούλεσθαι
968 1707 1004 1775 τὸ
1025 1708 1159 1796 adeptae
1180 1707 1336 1776 deuoti-15

216 1814 307 1885 ζοντα
326 1812 476 1894 ποιήσειν.
517 1813 665 1876 ἐντεῦθέν
685 1834 719 1875 τε
740 1810 946 1897 εὐπρόσωπον
967 1803 1044 1898 ᾤετο
1065 1813 1146 1890 ἕξειν
1165 1811 1304 1892 αἰτίαν,

217 1906 260 1985 ὥς
280 1908 380 1986 αότός
407 1912 467 1991 μὲν
487 1907 527 1972 τό
548 1906 689 1993 ἁρμόδια
709 1915 839 1991 βασιλεῖ
856 1909 1043 1994 διεπράξατο
1051 1961 1061 1990 ,
1095 1908 1114 1974 ό
1138 1911 1174 1974 dd
1195 1913 1306 1990 Σαρα-
1355 1923 1356 1950 ¹

215 2005 308 2093 κήνός
335 2003 446 2094 ἥκιστα
473 2005 555 2091 ἔγνω
575 2006 613 2074 τό
638 2010 766 2074 δέοντα·
797 2001 864 2073 εἶτα
892 2004 972 2072 sarri
996 2007 1035 2092 δή
1058 2011 1115 2072 τοῦ
1133 2005 1304 2092 βαρβάρου

215 2104 502 2193 οἰντιστραφήσεται
522 2104 559 2170 τό
572 2105 742 2191 ἰπιλιλημα.
782 2107 838 2170 καί
860 2105 915 2170 οἰκ
937 2098 1004 2182 [όν]
1025 2099 1127 2182 ἄλλως
1148 2097 1305 2190 ιίπὲβή,ή

215 2203 365 2290 βασιλεός
395 2205 598 2286 ἐστοχάσατο.
639 2205 655 2271 ό
685 2203 744 2291 γὰρ
777 2203 816 2288 δή
850 2201 1032 2290 Σαρακηνός
1062 2205 1200 2287 ιίπρεπὲς
1220 2200 1334 2267 εἰναιιο

215 2304 251 2370 τό
275 2305 426 2389 παρεῖναί
441 2303 471 2369 οἰ
490 2300 577 2393 μόνῳ
600 2303 644 2379 ὦς
662 2305 797 2386 βασιλέα
818 2301 1035 2388 ὑποτοπήσας,
1056 2304 1111 2366 καί
1129 2299 1165 2366 τό
1187 2305 1303 2386 κρατή·
1353 2315 1355 2374 i

217 2428 279 2468 σαν
305 2407 404 2488 όήθεν
423 2403 592 2468 καταλύειν
613 2397 675 2486 σόχ
707 2403 848 2487 αἱρετέον
874 2397 973 2491 adep,
996 2397 1173 2486 ἀπηνήνατο
1195 2399 1255 2484 τήν
1272 2401 1303 2474 ἐς

289 2541 329 2580 ro.
349 2521 422 2604 ήριᾶς
438 2523 509 2591 vulg.
549 2524 588 2576 15.
606 2525 654 2575 sat
671 2521 752 2575 τόνόε
769 2521 804 2574 Η.
851 2539 890 2592 τῳ
910 2517 926 2588 ή
942 2521 993 2586 Ν.,
1011 2538 1039 2573 τι
1054 2522 1142 2592 vulp,
1159 2517 1177 2588 ή
1193 2513 1255 2582 'dm
1271 2519 1300 2572 il

287 2610 328 2644 ar.
348 2609 379 2643 ιο
399 2593 507 2662 Η.,τρλ
524 2593 596 2663 vulg.

219 2720 374 2780 Saracenis,
399 2723 447 2789 qui
476 2737 537 2772 eum
561 2737 594 2772 eo
617 2731 706 2783 erant,
734 2723 927 2790 Imperatorem
946 2719 1067 2774 adeundi
1085 2727 1206 2789 potestas
1225 2727 1297 2771 esset

217 2792 303 2842 Erant
330 2791 404 2840 euim
433 2791 462 2842 ia
488 2793 546 2841 eius
575 2793 703 2842 comitatu
728 2791 837 2843 circiter
862 2790 1040 2862 quadraginta
1071 2792 1184 2860 proprio
1214 2791 1297 2858 legato

256 2867 353 2911 rentes.
395 2856 507 2912 Miserat
531 2870 621 2912 autem
648 2877 709 2911 cum
735 2862 854 2913 Mebode
871 2861 997 2924 Ambrus,
1019 2861 1215 2912 Saracenorum
1235 2861 1297 2927 phy·

217 2877 335 2992 idatius,
354 2939 380 2982 et
399 2932 457 2998 ipse
475 2931 592 3000 legatos,
610 2932 711 3002 quide
730 2933 863 3000 pecuniis,
884 2949 950 3002 quas
969 2933 1153 2983 alostiniano
1173 2929 1298 3000 impetra-

218 3008 328 3061 verant,
347 3009 464 3068 agerent.
501 3003 598 3072 Itaque
614 3019 673 3052 cum
683 3001 830 3064 Mabodes,
849 3008 977 3071 quantum
996 3001 1029 3052 ad
1052 3001 1182 3053 Suaniam
1203 3000 1297 3052 attior-

220 3071 285 3132 bat,
304 3089 351 3138 spe
369 3088 418 3122 sua
436 3071 596 3135 excidisset,
622 3091 657 3124 ue
682 3073 805 3124 narrare
826 3074 940 3123 obtenta
959 3071 1129 3132 diseederet,
1148 3087 1212 3122 cura
1230 3069 1296 3120 omni

222 3142 380 3200 contendit.
404 3148 436 3192 ut
459 3142 652 3195 Saracenorum
678 3143 758 3211 legati
784 3141 887 3194 aditum
909 3141 942 3192 ael
960 3143 1151 3210 imperatorem
1170 3143 1298 3192 mocisse-

222 3221 324 3266 rentur.
367 3213 408 3262 no
438 3229 470 3263 ea
493 3229 523 3264 re
544 3231 604 3264 cum
628 3214 754 3265 Mebodis
780 3214 930 3265 orationem
956 3214 1106 3281 imperator
1138 3213 1296 3279 excepisset,

223 3284 318 3355 „Quid
339 3282 418 3335 nobis
436 3283 541 3345 volunt,
559 3285 664 3354 iuquit,
685 3283 853 3336 Saraceni?’'
882 3281 1076 3335 ut'instantem
1095 3281 1176 3344 vidit,
1196 3297 1298 3332 oouoes·

223 3358 261 3406 sit
279 3371 370 3406 eorum
397 3355 503 3421 legato,
528 3361 560 3404 ut
577 3352 650 3405 solus
669 3353 704 3406 ad
729 3373 758 3407 se
778 3353 924 3406 accederet.
961 3353 1056 3424 Neque
1079 3355 1153 3405 enim
1172 3351 1297 3420 legatum.

224 3428 273 3494 qni
298 3425 440 3494 superbior
464 3431 539 3484 erat,
570 3423 748 3476 toleraturum
774 3422 963 3484 existimabat,
982 3431 1012 3475 ut
1031 3425 1144 3475 remotis
1163 3419 1298 3474 comitibus

225 3496 255 3544 iu
273 3494 445 3564 Imperatoris
464 3495 763 3561 conspectumvruiret:
784 3493 831 3545 red
851 3493 1078 3563 quemadmodum
1098 3493 1237 3563 quondan
1253 3493 1298 3542 In·

225 3574 378 3632 peratorem
405 3565 584 3616 luatiuienum
610 3579 703 3616 eorum
729 3565 810 3632 legati
842 3581 902 3616 otim
927 3563 1052 3616 omuibus
1080 3562 1229 3616 comitibus
1251 3561 1297 3614 suis

225 3632 375 3695 adiissent,
403 3636 604 3704 huncquoque
629 3635 793 3702 pertinacius
812 3635 840 3686 in
866 3649 899 3686 eo
917 3634 1094 3703 perstiturum
1113 3651 1183 3696 esse,
1205 3642 1235 3684 ut
1251 3645 1295 3682 uos

226 3702 324 3755 solitus
342 3703 537 3757 observaretur.
574 3703 635 3772 Quo
662 3704 691 3754 iu
711 3721 739 3756 re
762 3705 912 3771 imperator
939 3721 968 3754 se
986 3705 1083 3772 optimi
1105 3705 1171 3756 iuris
1192 3703 1296 3772 speciem

224 3789 291 3842 prae
309 3788 338 3822 se
358 3773 474 3826 laturum
494 3773 687 3842 esserperavir,
704 3774 778 3842 quod
796 3775 854 3842 ipso
872 3789 942 3841 quae
957 3777 1153 3842 Imperatorem
1172 3772 1296 3828 decerent,

225 3843 350 3902 fecisset,
369 3843 516 3898 Saracenos
533 3854 622 3898 autem
640 3844 770 3905 minime,
809 3861 859 3896 uae
878 3844 936 3896 fieri
956 3845 1137 3914 oportuisret,
1156 3840 1298 3895 intellexis-

226 3921 280 3964 set:
301 3929 330 3964 se
347 3912 430 3981 igitur
448 3931 554 3967 omnem
572 3916 677 3984 eulpam
700 3917 728 3966 iu
747 3862 893 3967 bodiarum
912 3915 1105 3967 coniecturum.
1143 3913 1236 3984 Neque
1252 3910 1297 3960 ali-

225 3991 269 4033 ter
294 4000 336 4034 ree
364 3981 480 4044 cecidit,
507 4003 587 4054 quam
605 3986 754 4053 suspicatus
776 3987 863 4038 fuerat
880 3986 1037 4054 Imperator.
1072 3984 1180 4038 Etenim
1199 3983 1295 4034 Sarace-

225 4069 278 4106 σοι
294 4052 370 4106 haud
388 4050 515 4106 decorum
532 4057 587 4109 sibi
604 4057 844 4120 eunominianos,
862 4057 948 4110 solum
967 4057 1027 4111 sino
1048 4055 1105 4108 ullo
1125 4055 1249 4108 comitatu
1265 4045 1293 4101 εἰ
