2734 4634
302 166 344 230 n
374 161 559 231 ruccas
589 160 885 228 osmmnoar.
1051 128 1137 249 573

142 322 219 407 Pag.
238 342 285 385 rr.
308 326 347 387 D.
369 323 459 409 [463,
486 321 551 407 rs]
578 321 728 384 liemdori
746 321 967 385 lucubrationes
986 321 1059 385 dnm
1078 344 1136 406 pro

47 426 146 470 more
167 408 325 490 diligenter
344 408 457 490 colligit
476 410 521 470 lo.
544 407 698 469 Gerardus
711 408 834 467 Vossius
852 428 922 489 pag.
934 428 1007 490 292.
1027 408 1066 469 de
1085 409 1137 469 hi-

46 491 177 553 storicis
196 493 330 568 Graecis,
354 494 479 552 miratus
498 512 564 552 snm
585 493 825 573 praetermissam
841 488 934 551 fuisoe
942 494 1066 553 citatam
1076 491 1137 553 hoc

45 572 125 635 loco
148 576 188 635 ab
204 574 421 657 Olympiodoro
444 586 546 635 nostro
565 574 722 634 historiam
741 573 780 633 de
801 572 927 655 Orpheo
947 583 978 635 et
997 578 1136 651 Musaeo,

45 658 87 717 in
104 680 169 739 qua
180 659 340 719 Beatornm
355 656 483 718 insulam
494 652 674 728 ἐπιθετικῶς
687 656 884 718 Phaeacum
900 656 1076 738 appellarat,
1096 658 1140 719 ad

48 742 299 819 similimdineur,
322 751 357 801 ut
368 744 486 822 opinor,
503 740 652 822 Corcyrae
659 741 847 818 Homericae,
862 760 954 821 qnam
964 740 1138 803 incolebant

209 824 343 905 Φαίηκες
363 816 598 903 δολιχήρετμοι,
623 823 823 883 ναυσίκλυτοι
845 814 969 901 ἄνδρες.
993 864 996 870 -
1043 874 1047 882 ,

53 906 156 984 Quod
183 928 255 969 vero
283 906 321 967 ad
342 910 442 969 varios
470 908 562 987 ipsius
583 906 708 967 Homeri
730 904 844 965 natales
863 916 993 987 spectat,
1012 908 1139 969 consule

51 991 241 1071 singularem
262 989 423 1051 doctissimi
442 992 500 1051 viri
520 990 628 1049 Leonis
642 986 749 1048 Allatii
769 988 947 1060 diatribam,
969 993 1021 1071 qui
1043 1000 1141 1053 totam

51 1070 140 1135 hanc
160 1074 393 1135 controversiam
414 1074 445 1132 in
466 1073 601 1133 savorem
619 1072 733 1154 patriae
745 1091 816 1131 suae
829 1073 980 1152 ingeniose
999 1076 1135 1135 annuat.

143 1155 221 1239 Pag.
244 1157 341 1217 ΜΛ.
357 1154 446 1235 [464,
466 1153 513 1236 6.]
535 1154 689 1215 Placidiac
708 1154 910 1215 etfonstantii
931 1157 1052 1237 nuptias
1071 1158 1140 1217 Ho-

51 1238 147 1299 norio
177 1240 257 1321 Aug.
281 1240 336 1299 xl.
365 1250 395 1299 ct
428 1239 602 1299 Constantio
630 1238 740 1297 iterum
767 1238 871 1313 Coss,
892 1237 950 1299 hoc
977 1250 1023 1299 est
1056 1251 1138 1303 audo

53 1321 250 1385 Christianae
268 1320 506 1403 Epochaedm„
528 1319 622 1401 illigat
642 1318 898 1403 Olympiodorus‚
927 1342 946 1379 a
966 1343 1028 1402 quo
1053 1320 1138 1385 haud

54 1403 192 1465 multum
218 1403 369 1465 abludunt
400 1405 514 1465 ldatius
546 1404 576 1463 in
612 1403 762 1463 Chronico
789 1414 820 1463 et
849 1404 925 1463 Tiro
943 1403 1075 1486 Prosper
1104 1409 1138 1469 in

53 1484 171 1549 Fastis.
213 1489 324 1549 Natam
352 1486 457 1549 eodem
480 1497 605 1547 exeunte
625 1506 706 1546 anno
737 1495 789 1546 aut
814 1486 914 1568 potius
939 1486 997 1547 sub
1015 1488 1138 1551 initium
1188 1523 1193 1535 ·

53 1574 212 1652 sequentis
225 1572 403 1649 licaoniam,
425 1569 585 1633 verisimile
605 1580 667 1645 est3
682 1569 926 1630 Valentinianum
945 1582 1058 1644 autem,
1074 1572 1142 1634 eius

55 1652 198 1732 fratrem,
226 1652 304 1715 lulio
332 1654 477 1715 duntaxat
503 1672 606 1715 mense
631 1655 703 1713 anni
731 1650 804 1735 419.
826 1656 857 1712 in
878 1652 977 1713 lucem
993 1655 1140 1735 prodiisse

4 1760 5 1767 ³
56 1756 180 1799 necmse
207 1748 270 1815 est,
305 1746 340 1797 ut
370 1758 450 1798 anno
482 1736 575 1815 425„
599 1756 670 1795 cum
701 1736 869 1817 Imperator
892 1737 1006 1797 Rornae
1023 1758 1138 1799 renun-

4 1842 5 1873 2
55 1820 151 1881 tintus
170 1822 244 1899 fuit,
271 1822 420 1902 septennis
441 1841 503 1881 esse
521 1820 670 1902 punierit3
699 1818 782 1901 quod
808 1828 910 1899 postea
935 1829 1061 1882 testatur
1079 1842 1140 1883 no-

4 1924 6 1963 t
55 1913 120 1963 ster
151 1904 321 1965 historicus.
369 1904 524 1965 Consentit
554 1901 745 1963 Marcellinus
783 1901 889 1963 Comes
921 1903 953 1962 in
987 1903 1138 1965 Chronico

57 1986 223 2049 indictione
242 1988 300 2065 11.‚
322 1988 463 2049 Monaxio
478 1998 509 2049 ct
528 1985 763 2047 PlinthaCoss.=
789 1985 1013 2047 Valentiniana
1033 1987 1141 2049 Iustior

59 2071 145 2213 ἵνά
170 2072 342 2132 &monam
365 2086 453 2157 pana
487 2071 655 2131 commotio
679 2082 710 2129 et
738 2067 880 2129 Placido
905 2082 1000 2129 mue
1036 2072 1140 2154 quun

4 2178 5 2213 l
92 2174 165 2213 onos
189 2154 285 2215 Iulios
308 2166 391 2215 naus
412 2168 463 2215 est.
508 2154 637 2232 Prosper
650 2154 680 2211 in
694 2152 792 2211 Fastis
807 2152 888 2213 diem
907 2150 989 2212 hunc
1007 2151 1241 2225 annum-Vati

60 2256 121 2316 que
138 2236 269 2297 namlern
289 2256 351 2297 uno
370 2237 548 2309 antevertit,
584 2246 614 2295 et
628 2234 785 2295 consulatu
810 2235 940 2295 Honorii
959 2236 1138 2300 duodecimo

60 2338 96 2379 ac
109 2318 270 2381 Theodosii
287 2330 395 2381 octavo
409 2331 520 2381 temere
538 2320 712 2398 consignat,
743 2337 814 2378 cnm
832 2338 851 2378 a
868 2316 1008 2379 Calendis
1026 2321 1139 2383 lanua·

60 2401 113 2461 riis
131 2404 203 2461 anni
225 2402 321 2485 417„
345 2424 406 2483 quo
424 2403 473 2463 die
492 2398 680 2461 consulatum
704 2401 771 2461 iniit
784 2402 987 2473 Constantius,
1006 2413 1046 2479 et,
1070 2405 1137 2465 Ho-

5 2520 6 2525 κ
61 2486 150 2543 nonio
164 2482 341 2545 conciliante
358 2488 487 2567 nuptias,
508 2484 660 2545 Placidiac
672 2485 813 2545 convenit
826 2486 860 2544 in
878 2483 1012 2561 marium,
1027 2486 1066 2546 ad
1080 2486 1140 2548 Ca-

60 2562 164 2627 lendas
184 2567 275 2628 Iulias
295 2570 367 2628 anni
392 2566 479 2647 4qu
514 2566 678 2627 octodecim
701 2566 912 2627 tantummodo
940 2580 1140 2631 numerantur

4 2680 7 2717 ρ
61 2669 197 2727 menses,
214 2652 294 2711 iutra
319 2671 395 2732 quos
423 2651 588 2711 Honoriarn
612 2670 648 2710 ac
675 2647 923 2711 Valentinianum
943 2662 1030 2713 natos
1055 2652 1139 2714 affin·

4 2744 6 2801 ζ
62 2752 145 2794 mare
172 2754 234 2795 non
262 2736 375 2817 patitur
403 2732 546 2794 naturalis
560 2742 664 2815 partus
684 2731 809 2793 humani
827 2734 971 2795 conditio.
1157 2748 1161 2761 ·

144 2813 738 2901 Peg.12.B.[464,17.]Constantium
755 2816 794 2876 ab
810 2815 947 2877 Honorio
961 2820 994 2878 in
1015 2838 1138 2878 consor-

4 2930 5 2965 i
61 2900 173 2961 tionem
205 2902 325 2982 imperii
352 2898 497 2961 adscitum
526 2920 588 2959 non
621 2920 651 2981 p.
678 2900 810 2979 integros
836 2920 953 2961 menses
976 2900 1142 2982 explevisse

4 3032 5 3049 r
63 2994 199 3045 constans
227 2995 273 3045 est
307 2982 518 3066 Olympiodori
552 2980 741 3063 aliorumque
767 2984 939 3059 sententia,
970 2983 1052 3044 fatali
1085 2983 1139 3047 illo

62 3068 176 3127 somnio
210 3068 356 3127 subnixa:
389 3066 496 3129 Sextus
517 3066 604 3139 abiit,
632 3067 768 3149 sepontus
786 3065 950 3127 inchoatur.
991 3069 1061 3146 Quo
1083 3067 1140 3145 iit,

64 3160 98 3209 ut
120 3150 255 3210 assentiri
274 3168 422 3232 nequeant
437 3150 605 3230 Prospero,
626 3150 729 3229 quiin
754 3147 852 3209 Fastis
873 3148 1015 3231 Agricola
1032 3150 1140 3211 etEu·

64 3232 173 3293 stathio
198 3232 282 3293 Coss.
304 3233 473 3294 Constantii
497 3242 625 3293 mortem
646 3229 794 3306 collocat,
823 3252 893 3291 cum
913 3253 996 3295 anno
1016 3252 1141 3314 praece-

63 3313 321 3377 dente‘donatum
357 3315 550 3397 imperatoria
579 3314 725 3395 dignitate
758 3314 890 3391 scribat3
914 3316 1012 3377 multo
1039 3316 1140 3377 minus

64 3398 158 3459 ldatio
189 3401 221 3459 in
247 3398 359 3459 Chron.
387 3398 595 3459 Constantium
618 3398 696 3479 lmp.
722 3398 885 3461 Ravennae
909 3410 1064 3461 mortuum
1084 3418 1141 3460 suo

64 3483 151 3540 tertio
174 3482 330 3543 consulatu
349 3480 529 3544 affirmanti:
554 3502 625 3541 cum
646 3491 763 3541 certum
785 3482 824 3542 sit
849 3503 884 3543 ex
906 3480 985 3542 libro
1011 3483 1040 3541 3.
1066 3482 1142 3547 Cod.

65 3562 192 3639 Theod.‚
208 3564 308 3626 adhuc
330 3586 410 3627 anno
430 3563 541 3625 Christi
554 3562 609 3643 dar
619 3606 642 3640 .,
659 3564 744 3624 Coss.
764 3563 908 3645 Agricola
922 3576 953 3625 et
966 3564 1139 3643 Euanthia,

66 3648 253 3727 superstitem
283 3648 371 3710 sitisse
404 3645 473 3709 cuin
609 3647 640 3709 io
668 3658 699 3706 et
726 3647 897 3707 Theodosio
929 3648 1141 3709 Constantium

65 3728 151 3813 paulo
177 3738 248 3789 ante
271 3729 415 3793 Calendas
432 3732 480 3791 Au
644 3728 748 3793 berrat
777 3750 898 3811 quoque
928 3732 961 3791 in
989 3731 1141 3793 Chronico

66 3836 84 3875 a
111 3814 149 3872 V.
177 3812 213 3871 C.
238 3804 365 3875 Pithoeo
391 3813 471 3874 edito
510 3818 573 3875 sive
601 3812 698 3885 idern,
731 3817 795 3875 sive
822 3813 959 3876 diversus
983 3815 1142 3897 Prosper,

66 3896 136 3957 dum
153 3894 192 3957 ad
207 3916 321 3957 annum
339 3897 466 3957 Honorii
488 3916 537 3980 ²9·
564 3896 665 3957 differt
686 3897 851 3957 Consmmh
873 3897 991 3959 obitum
1010 3897 1058 3961 his
1072 3918 1142 3961 ver-

64 3978 126 4041 bis:
150 3980 319 4043 Comtantio
336 3979 464 4059 dt'gnitas
478 3981 598 4063 torpor-ii
612 3981 650 4039 ab
667 3979 806 4042 Honorio
822 3984 904 4061 (non)
922 3996 1023 4066 sponte
1042 3984 1143 4061 (exut-
1171 4006 1177 4021 ·

66 4065 104 4125 sia
119 4061 422 4148 negationemdeesse
438 4062 579 4147 arbitror)
601 4064 722 4141 delato,·
743 4085 804 4150 quo
826 4067 885 4129 vic
911 4078 976 4127 octo
998 4067 1142 4131 mensibu
