2734 4634
252 220 294 284 nt
323 215 507 288 uaccas
537 217 709 286 crunni
744 217 890 288 isacar.
1030 185 1115 306 579

35 381 97 434 tem
112 369 242 434 Zenonis
266 385 297 435 et
314 376 464 440 Anastasii
475 376 636 442 Silentiarii
653 399 734 439 anno
748 379 823 461 49¹·
841 377 951 438 saetam
968 373 1121 440 Ariadnae

34 477 127 537 opera
148 458 418 539 inaugurationem.
462 462 594 521 Leonem
617 461 699 522 hune
715 459 766 521 olii
785 459 935 520 Thracem
953 457 1121 542 appeliant,

34 549 66 598 et
91 541 337 621 cognominatum
370 541 461 603 finisse
489 545 663 624 Magnum,
692 543 848 604 Seniorem
883 563 917 602 ac
946 537 1124 621 Μακέλλην

34 619 152 682 volunt.
204 622 383 684 Theodorus
419 624 610 708 Anagnostes
643 624 723 685 libro
763 626 862 706 primo
907 621 1124 684 Colicctaneo·

34 724 132 764 rum:
170 703 401 786 προχειρίζεται
430 705 465 767 δὲ
495 705 539 780 εἰς
563 707 698 786 βασιλέα
726 705 823 769 Λέων
863 727 911 778 τις
938 700 1025 790 Θρᾲξ
1062 705 1123 781 μὲν

33 779 202 864 τὸγένος,
235 787 398 869 τριβοῦνος
431 787 466 850 δὲ
494 784 554 870 την
578 785 689 867 ιῖξίαν,
723 808 815 872 quam
843 788 1019 870 dignitatem
1043 787 1123 848 Can·

33 865 125 929 didus
166 868 256 951 longa
293 871 471 932 circuitione
502 870 661 955 exponit:
706 871 919 954 στρατιωτικῷ
954 869 1125 950 παραγγεί-

34 953 93 1022 λας
131 945 262 1029 τάγματι
290 951 344 1013 καί
361 954 458 1014 τελῶν
482 944 581 1035 ἄρξας
611 954 674 1016 τῶν
697 952 731 1016 ἐν
756 952 953 1036 Σηλυμβρίη.
997 953 1045 1012 De
1067 973 1125 1034 pa·

34 1035 95 1094 tria
116 1043 147 1093 et
167 1031 265 1096 officio
284 1037 430 1096 consentit
448 1035 652 1118 Theophanes
679 1036 711 1096 in
734 1035 887 1098 Chronico
909 1035 1017 1096 iisdem
1052 1053 1124 1095 usus

35 1115 161 1190 verbis,
188 1117 299 1213 ouibus
322 1119 494 1179 subnectit:
529 1119 610 1217 μηνί
644 1117 880 1201 Φεβρουαρίῳ,
902 1114 979 1200 Ἰνδ.
1004 1111 1023 1175 ί
1053 1127 1123 1176 στι-

36 1196 132 1278 φθείς
155 1190 216 1258 tino
236 1196 425 1262 ’Avosott‘ov
455 1220 671 1284 πατριαρχου,
707 1200 789 1284 quod
822 1221 863 1260 an
892 1217 998 1262 verum
1017 1198 1067 1274 sit,
1093 1201 1127 1260 in

35 1279 189 1342 Chronico
208 1277 391 1344 videbimus.
957 1301 961 1308 '

114 1363 253 1445 Pug.17.
273 1363 316 1424 A.
335 1363 422 1448 Ἆρα,
444 1363 493 1448 6.]
514 1362 736 1440 Ατιίοοοτίιυα,
753 1364 919 1428 Patrieiwn
937 1379 967 1425 et
993 1363 1122 1425 Herme-

34 1446 201 1506 πατίσίυιπι.
245 1447 470 1529 Tres‘Asparis
491 1447 568 1508 iiiios
592 1470 627 1510 ex
652 1450 752 1510 tribus
793 1447 938 1508 uxoribus
970 1458 1125 1528 susceptos

37 1538 187 1588 memorat
213 1527 381 1590 Candidus.
423 1531 471 1589 De
493 1531 605 1612 quibus
639 1530 728 1614 plura
756 1529 847 1673 paulo
878 1541 968 1612 post,
998 1550 1068 1589 cum
1092 1549 1127 1590 ex

34 1612 176 1692 ipsomet,
198 1619 266 1671 turn
282 1633 318 1672 ex
343 1611 411 1673 aliis
429 1615 597 1674 coaetaneis
616 1617 756 1694 scriptori
780 1635 815 1674 us
839 1612 978 1674 dicentur
991 1633 1008 1672 a
1021 1611 1128 1688 nobis;

35 1695 160 1754 interim
185 1693 334 1772 observa,
359 1695 520 1776 implexam
548 1697 638 1758 nimis
674 1697 757 1779 apud
778 1697 927 1757 Zonaram
960 1697 1129 1754 orationem

35 1775 99 1838 levi
123 1778 289 1838 mutatione
313 1781 412 1838 sanari
441 1800 556 1860 posse:
586 1775 678 1841 εἴκων
702 1770 820 1858 ἀνάγκη
858 1777 1011 1856 Καίσαρα
1047 1775 1135 1836 ποιεῖ

36 1853 102 1918 α’πό
120 1859 287 1939 πατρικίου
306 1858 385 1962 (depe
405 1855 461 1922 τὸν
483 1859 671 1944 Πατρίκιον)
692 1859 744 1924 τὸν
768 1841 827 1922 τίῦ
840 1849 1002 1941 ’Ἀσπαρος
1019 1857 1130 1940 acida,

1 2002 2 2009 ,
36 1937 268 2023 Ἀρδαβουρίου
289 1941 323 2002 δὲ
341 1935 490 2023 αδελφόν.

1 2080 2 2083 ,
125 2024 203 2104 fag.
228 2023 276 2084 18.
293 2023 334 2084 A.
351 2024 439 2108 [472
459 2025 520 2108 12.]
546 2025 694 2086 [καταίσιον
717 2027 755 2086 ab
774 2025 858 2084 Esau
885 2043 990 2084 nonren
1016 2035 1131 2084 matria-

1 2104 2 2111 *
38 2121 113 2169 mm.
157 2107 242 2166 Idem
259 2129 380 2190 quoque
404 2108 483 2169 infra
500 2110 605 2170 endem
623 2111 732 2190 pagina
747 2107 889 2168 inculcat.
931 2105 990 2166 Sed
1015 2105 1052 2166 de
1074 2105 1131 2166 isac

37 2190 239 2272 originatione
256 2193 368 2250 mirum
386 2192 467 2272 aprrd
483 2204 597 2252 ceteros
622 2191 790 2252 silentium.

127 2271 205 2354 Pag.
229 2271 278 2333 18.
300 2272 340 2333 A.
354 2272 449 2415 Alffl’
482 2273 544 2355 ιβ]
567 2275 674 2334 Leonis
692 2295 751 2356 per
776 2271 924 2356 Asparem
949 2265 1129 2330 electionem.

40 2354 161 2416 Auctor
190 2353 331 2416 Chronici
385 2355 553 2416 lcxandrini
585 2356 624 2415 ab
660 2357 792 2416 exercitu
825 2363 958 2414 creatum
1001 2355 1133 2412 Leonem

41 2439 192 2518 Magnum
207 2448 334 2498 testatur
349 2460 380 2520 7.
393 2439 466 2498 idus
478 2439 659 2510 Februarii,
685 2438 881 2498 Constantino
898 2447 928 2496 et
947 2435 1131 2506 Ituraeoss„

42 2540 125 2579 anuo
143 2520 293 2580 Dominici
308 2515 599 2604 Natalis457.:xai
626 2513 749 2603 ἐπήρθη
782 2519 876 2579 Λέων
910 2513 926 2576 ὁ
956 2517 1053 2594 μέγας
1075 2517 1134 2592 βα-

42 2596 153 2672 σιλευς
173 2593 235 2662 tino
260 2603 318 2662 τοῦ
339 2601 497 2682 ἑξερκὲτου
521 2601 598 2682 μηνί
608 2599 750 2684 Περιτίῳ
771 2595 831 2680 πρὸ
852 2594 876 2674 ζ
898 2597 973 2660 idcir
992 2599 1135 2675 Φεβρου-

45 2678 154 2762 αρίου.
193 2683 326 2765 Propius
349 2685 388 2744 ad
407 2685 534 2746 Candidi
558 2689 764 2746 narrationem
786 2684 900 2744 accedit
925 2693 989 2741 tum
1024 2679 1133 2740 Snidas

44 2767 79 2826 in
97 2785 171 2826 voce
188 2765 399 2842 Ardaburius,
425 2779 491 2829 tum
507 2769 630 2828 Priscus
644 2767 791 2828 Rhetora
814 2767 856 2826 ud
878 2765 1045 2845 Euagrium
1062 2762 1085 2822 l.
1102 2783 1134 2823 a.

43 2869 112 2930 cap.
136 2849 197 2912 16.=
221 2844 301 2930 ὅπερ
330 2846 539 2931 ἀκριβέστατα
563 2845 696 2931 Πρίσκαν
721 2848 766 2934 aqi
804 2843 923 2928 Ρήτορι
953 2837 1137 2923 πεπότηται.

46 2923 133 3004 ὅπως
159 2951 194 2993 τε
213 2925 294 3015 δόλῳ
314 2929 491 3012 περιελθών
521 2925 539 2993 ti
570 2909 814 3008 Atnv‘pwats
836 2923 942 3030 ὥσπερ
965 2923 1139 3022 ᾱησδιὸούη

44 3013 104 3093 τῆς
129 3011 162 3086 ἐς
184 3009 284 3075 αὐτόν
311 3015 497 3097 προαγωγῆς
524 3011 654 3097 ἀναιρεῖ
666 3002 824 3090 Ἀσπαρα
845 3007 903 3092 την
921 3030 1026 3089 αρχην
1050 3005 1137 3091 ου’τιρ

46 3095 236 3177 nepotiano,
278 3093 443 3168 παϊδάςτο
469 3093 567 3158 αὐτοῦ
610 3089 841 3192 Ἀρδαβούριον
868 3091 924 3153 καί
947 3089 1156 3186 Πατργκιον,’

48 3170 87 3238 ὃν
115 3174 267 3262 Καίσαρα
292 3176 439 3258 πεποίητο
475 3177 646 3261 πρότερον,
678 3175 730 3237 ἵνα
755 3198 813 3256 την
832 3165 1003 3252 ’Ἀσπαρος
1029 3187 1140 3232 ανοιαν

48 3251 218 3340 κτήσηται,
234 3283 288 3322 seu
304 3265 404 3344 potius'
418 3252 563 3340 εὔνοιαν,
582 3271 617 3322 ut
637 3259 816 3342 iampridem
837 3258 1007 3318 emendavit
1026 3255 1139 3313 doctisa

51 3343 147 3404 simus
162 3343 399 3406 IacobusBiliius
415 3344 469 3405 lib.
490 3364 598 3426 1.cnp.
625 3339 676 3406 38.
697 3343 953 3404 Observationum
973 3356 1138 3400 sacrarum.

49 3425 162 3508 Aspari
187 3427 330 3487 Senatum
351 3429 507 3509 coniungit
525 3429 741 3488 Constantinus
764 3427 917 3488 Manassen
939 3426 969 3483 in
998 3439 1142 3501 compen·

53 3507 107 3570 dio
128 3508 279 3570 Chronico
295 3532 363 3592 pag.
380 3509 431 3572 58.
452 3511 591 3570 editionis
611 3513 730 3592 regiae:

130 3587 176 3653 ‘H
193 3588 361 3673 σύγκλητος
382 3586 443 3653 οὖν
456 3582 600 3674 ’Ἀσπαρι
622 3593 668 3676 τῷ
689 3585 757 3652 τότε
777 3587 931 3672 τατρικίηι

135 3672 192 3745 Εἰς
208 3673 331 3736 Λέοντα
345 3669 516 3756 κατάγουσι
632 3667 928 3754 κηπτροκρατορίαν.

141 3751 204 3817 Τὸν
227 3750 413 3838 φροντιστὴν
432 3754 485 3818 τὸν
667 3757 730 3817 τῶν
744 3745 908 3833 Ἀσπαρος
933 3750 1142 3836 πραγμάτων,

137 3835 432 3917 Καθυπασχόμτνος
449 3840 536 3924 αὕτρῑ
622 3860 695 3918 ερον
717 3839 780 3900 τοῖν
803 3829 883 3896 ὑέων

139 3921 190 4023 Τιρ
208 3923 319 4019 στέρεϊ
335 3919 392 3981 τοῦ
411 3919 578 4000 Καίσαρος
601 3917 659 4003 την
677 3912 818 4002 κεφαλήν
841 3916 1018 3999 κοσμῆσαι·

140 4003 226 4066 ovet
243 4025 301 4084 γαρ
325 3995 364 4083 ἦν
379 3997 431 4063 τὸν
445 3993 596 4082 ’Λοπαρα
613 3999 749 4084 κράτους
772 4001 980 4080 ἐπιλαβέσθαι

146 4087 193 4172 Τῇ
219 4081 319 4170 λυόση
338 4079 545 4164 κατεχόμενον
560 4081 689 4170 Ἀρείου
706 4084 760 4147 τοῦ
777 4077 914 4165 βεβήλου
