2734 4634
367 92 420 155 ox
449 89 613 158 nostru
640 90 846 158 ursionis,
1088 67 1147 181 49

54 248 111 314 da’
126 242 387 331 όκτιζηλοτνπιλις
405 240 589 334 adrat-apd:
608 245 684 322 τούς
697 240 999 333 συμβασιλεόοντας,
1024 250 1058 315 οδ
1072 256 1148 315 ποῖ-
1154 268 1185 321 t.
1195 266 1287 337 coro

54 352 108 423 δες
122 351 178 430 μὲν
197 340 287 431 ἦσαν
307 338 463 431 ἀδελφοῦ,
487 344 559 432 (καί
575 348 747 431 γέγραπται
768 340 852 410 οότω
873 346 1052 435 πρότερον,)
1088 333 1240 463 τὴνξξλλιηλ
1267 408 1283 461 ³

49 449 214 529 βασιλειαν
244 446 282 507 δὲ
313 444 489 530 διῃρῆσθαι
520 440 601 509 κατό
623 448 709 529 σφᾶς
729 442 878 526 ἐδόκουν,
912 440 971 529 τόν
991 444 1147 532 διανομήν
1180 428 1195 461 ³
1238 424 1263 459 Ἰ

49 541 110 609 odat
130 538 301 627 ἐνεγκόντες
314 540 371 607 ἐπί
380 540 433 605 τόν
446 526 552 607 θεῖον.
571 542 691 608 τοότιον
712 540 750 625 δὴ
773 546 872 625 ἓνεκα,
886 540 944 607 καί
963 542 1005 620 vig
1024 542 1145 632 μεγάλη

29 640 215 730 ῦπροσθὴκη
243 639 281 705 τό
300 637 478 721 Ῥωμαϊκόν
496 639 652 724 αόξὴσων,
675 644 831 725 δεχθῆναι
852 640 973 706 κελεύει
996 640 1070 718 τοὺς
1091 636 1147 709 όν-

46 748 141 827 δρας,
152 740 193 807 τό
213 735 298 805 ὅπλα
310 741 552 820 καταθεμένους.
574 739 650 827 πρίν
663 743 699 806 δὲ
707 739 764 826 την
778 738 925 824 διάβασιν
942 744 976 805 ἐκ
992 744 1147 823 βασιλέως

44 843 277 926 ἐπιτραπῆναι,
312 841 449 911 Σκυθῶν
470 836 499 903 οἱ
518 838 750 923 τολμηρότατοι
769 837 826 904 καί
845 842 1002 917 αὐθάδεις
1025 840 1144 924 βιόσα-

44 945 128 1004 σθαι
147 936 200 1004 τόν
219 934 320 1022 πόρον
339 936 495 1019 ἔγνωσαν,
515 936 572 1001 καί
587 935 772 1021 βιαζόμενοι
792 936 1016 1023 κατεκόπησαν.
1058 938 1088 1004 οἱ
1112 942 1178 1007 δὲλ)
1253 1010 1258 1017 ,

47 1041 300 1125 διαφθειραντες
319 1032 374 1100 τόν
397 1034 584 1118 α’πόδασμον
614 1040 729 1101 τοῦτον
748 1039 805 1122 τῆς
825 1061 860 1102 τε
881 1032 982 1124 ἀρχῆς
1002 1042 1142 1123 παρελό-

15 1144 152 1223 ιοθησαν
170 1135 228 1201 καί
245 1134 324 1220 περὶ
340 1143 408 1210 τοῖς
435 1133 579 1217 σώμασιν
609 1136 851 1219 ἐκινδύνευσαν,
890 1132 941 1201 ότι
974 1144 1226 1235 πολεμιόυςη,,η

47 1242 250 1324 διίρθειραν.
292 1233 327 1298 οἳ
343 1258 378 1296 τε
398 1232 728 1319 παραδυναστεόσντες
755 1240 887 1317 βασιλεῖ
902 1237 958 1299 καί
976 1235 1146 1317 δυνάμενοι

49 1341 199 1419 μέγιστον
218 1335 393 1415 κατεγέλων
414 1331 519 1397 αὐτῶν
546 1330 581 1397 τό
613 1328 825 1420 φιλοπόλεμον
856 1335 913 1397 καί
932 1332 1146 1434 στρατηγικὸν,

43 1432 231 1509 πολιτικοός
250 1435 287 1497 δὲ
307 1426 365 1496 oin
385 1429 510 1519 ἔφασαν
529 1426 620 1498 εἶναι.
652 1428 669 1495 ό
690 1431 830 1518 μὲνγὰρ
852 1431 1003 1514 βασιλεὺς
1024 1435 1058 1511 ε”ξ
1074 1427 1149 1498 Ἀν-

48 1532 193 1616 τιοχείας
213 1532 382 1617 ἐπέτρεπεν
401 1532 510 1610 αὐτοῖς
536 1530 594 1617 την
622 1532 755 1618 οἷχρεῖον
775 1532 901 1617 ἡλικίαν
920 1536 1046 1619 πρῶτον
1066 1532 1146 1597 aino-

15 1634 236 1715 ι5δεξαμόνοις
258 1634 316 1696 κατ’
333 1633 586 1716 παραπέμψασιν
602 1634 647 1709 εἷς
664 1628 722 1719 τὴν
741 1628 920 1717 Ῥωμαϊκόν
936 1628 1145 1717 ἐπικράτειαν,

51 1735 113 1798 καί
128 1730 247 1817 ταότην
268 1734 314 1807 εἰς
334 1726 486 1816 ὁμηρείαν
505 1734 659 1818 α’σφαλοῖς
675 1734 874 1817 κατέχουσιν,
896 1734 1060 1815 ἐπιστῆναι
1077 1740 1147 1807 ταῖς

47 1828 183 1916 ὄχθαις,
206 1830 263 1895 καὶ
279 1828 326 1915 μὴ
347 1825 498 1916 πρότερον
517 1828 594 1907 τοός
611 1831 774 1917 μαχίμους
792 1832 944 1911 δέξασθαι
965 1833 1155 1911 διαβαίνονιΙ

50 1956 128 2013 τας,
155 1932 239 2015 μηδὲ
258 1927 298 1995 τό
319 1936 416 1994 πλοῖα
436 1940 613 2015 παρασχεῖν
640 1935 674 2007 ἐς
692 1930 750 2017 τήν
768 1934 961 2018 περαίωσιν,
992 1933 1023 1995 εἰ
1040 1928 1086 2015 μη
1107 1924 1146 1995 τό

49 2024 134 2094 ὅπλα
153 2031 366 2110 καταθέμενοι
384 2032 499 2113 γυμνοί
517 2031 729 2113 διαβαίνοιεν.
780 2027 810 2095 oi
842 2030 997 2095 δὲταῦτα
1018 2032 1222 2114 ἕπιτρα-Ρω
1343 2100 1349 2113 ,

15 2136 179 2210 οοπέντες,
219 2126 320 2211 όμὲν
347 2130 384 2193 ἐκ
409 2131 472 2194 τόν
502 2128 735 2214 διαβεβηκότων
761 2120 827 2215 ἦρα
852 2128 1026 2213 παιδαρίου
1055 2126 1166 2203 τιν’ός“
1263 2115 1272 2138 ”

48 2231 167 2292 λευκοῦ
186 2230 244 2292 καί
261 2226 430 2312 χαρίεντος
451 2224 508 2312 τη“ν
529 2219 616 2311 ὄψιν,
639 2225 657 2293 ό
679 2230 715 2293 δὲ
734 2227 819 2314 η’λέει
838 2224 984 2311 γυναικός
1005 2218 1143 2311 εόπροσ-

119 2366 146 2417 5.
162 2361 357 2428 adstruam,
376 2360 504 2427 αδξῆσαν
519 2363 592 2433 vulg.
694 2365 720 2417 6.
737 2358 880 2432 διάβασιν
907 2360 1049 2422 Boissou„
1077 2354 1155 2411 did-¹

117 2438 206 2487 θεσιν
223 2433 296 2505 vulg.
369 2435 409 2488 ιδ.
427 2433 581 2488 interrivos
598 2434 671 2505 vulg.

47 2559 243 2615 babebateum
260 2557 315 2623 bis,
334 2561 382 2631 qui
405 2561 552 2630 imperium
570 2576 630 2613 eum
649 2575 683 2614 eo
701 2558 841 2615 tenebant.
877 2559 961 2612 Erant
978 2565 1070 2613 autem
1088 2558 1142 2615 filit

47 2633 161 2696 fratris,
192 2629 420 2701 quemadmodum
445 2639 474 2683 et
489 2648 572 2702 supra
595 2632 773 2695 dictumest,
800 2630 849 2683 sed
866 2631 909 2683 illi
936 2631 1141 2751 imperatoriam

46 2711 215 2774 potestatem
241 2702 316 2754 inter
332 2719 362 2755 se
380 2702 554 2757 dividendam
573 2711 733 2767 statuerant,
756 2718 813 2759 non
830 2703 929 2771 patrui·
940 2718 970 2752 ar
991 2703 1056 2754 itrio
1075 2718 1140 2772 per-

47 2778 129 2828 missa
148 2774 296 2826 divisione.
333 2772 382 2827 iiis
400 2773 488 2826 musis
506 2772 658 2842 impulsus,
682 2781 742 2825 tum
760 2776 843 2825 etiam
864 2774 929 2843 quia
955 2774 1073 2825 maxima
1091 2788 1141 2825 ao-

49 2849 136 2899 eessio
157 2842 304 2913 potentiae
322 2843 395 2896 foret
413 2844 558 2907 Romanis,
584 2843 666 2897 iussit
687 2842 799 2911 Scythas
818 2843 943 2904 admitti,
961 2843 1042 2893 modo
1064 2858 1139 2895 arma

49 2917 229 2985 deponerent
247 2914 404 2985 Antequam
414 2914 543 2966 traiectus
554 2912 668 2967 essetab
677 2915 843 2983 Imperatore
858 2928 1010 2977 concessus,
1024 2912 1139 2980 Scytha·

49 3004 107 3039 rum
125 2983 291 3037 audaciores
309 2993 339 3035 et
355 2984 485 3037 elatiores
509 2984 652 3039 transitum
670 2985 726 3037 sibi
744 2984 772 3033 vi
790 2984 896 3053 aperire
915 2984 1135 3047 constituerunt,

49 3058 96 3109 εεδ
111 3055 141 3107 vi
160 3053 267 3124 repulsi
285 3052 371 3105 deleti
388 3062 461 3108 sunt.
487 3056 524 3107 At
540 3054 593 3117 ilii,
611 3052 660 3125 qui
679 3072 737 3108 eam
753 3053 911 3120 Scytharum
930 3056 1064 3107 exercitus
1076 3070 1141 3121 par·

48 3136 103 3180 tem
119 3140 284 3198 oppressam
304 3124 495 3188 coniecerant,
519 3125 677 3193 magistratu
694 3126 795 3195 privati
813 3130 923 3177 suntet
947 3125 1044 3193 eapitis
1062 3122 1140 3190 peri-

48 3200 138 3252 eulum
156 3194 303 3259 adierunt,
327 3197 393 3267 quia
412 3195 507 3250 hostes
524 3194 737 3255 trucidaverant.
773 3194 829 3263 Qui
847 3203 937 3246 autem
957 3194 1030 3263 apud
1049 3194 1140 3257 Impe-

48 3277 165 3322 ratorem
183 3267 288 3337 primas
305 3271 395 3333 portes
419 3268 524 3336 gratiae
542 3267 712 3337 occupabant
746 3274 774 3317 et
790 3266 937 3334 plurimum
956 3263 1029 3332 apud
1048 3262 1139 3329 ipsum

48 3340 192 3399 valebant,
212 3352 259 3387 eos
277 3336 450 3401 irridebant,
468 3344 599 3407 tanquam
617 3337 743 3397 homines
760 3336 906 3397 militares,
932 3341 960 3385 et
979 3332 1053 3384 bello
1072 3331 1137 3399 qui-

49 3410 109 3463 dem
124 3418 229 3477 aptos,
255 3406 304 3458 sed
326 3423 435 3475 prorsus
453 3424 543 3459 rerum
567 3407 688 3460 civilium
706 3406 786 3459 rudes
803 3423 861 3459 esse
880 3402 1017 3456 dicebant
1053 3400 1137 3453 Prae-

48 3488 159 3551 ceperat
173 3477 252 3530 enim
269 3476 420 3545 Imperator
437 3477 473 3531 ab
491 3477 656 3542 Antiochia,
680 3486 712 3531 ut
717 3480 840 3598 primum
858 3473 998 3554 imbellem
1019 3478 1047 3523 et
1064 3472 1136 3524 nulli

46 3552 107 3603 usui
125 3558 222 3620 aptam
252 3550 424 3617 susciperent
446 3556 564 3601 aetatem
597 3558 626 3602 et
644 3566 693 3619 per
740 3562 899 3599 omanorum
919 3542 1031 3595 ditionis
1050 3550 1136 3595 terras

48 3622 238 3681 dimitterent,
264 3626 294 3670 et
317 3624 446 3690 tanquam
470 3617 579 3672 obsides
602 3626 663 3671 tuto
683 3619 744 3673 loeo
761 3617 908 3681 haberent,
932 3630 1022 3684 neque
1041 3629 1074 3664 eo
1092 3630 1137 3665 ae-

48 3695 102 3745 eins
121 3691 157 3745 ad
175 3692 254 3758 ripas
272 3691 462 3752 consisterent,
479 3698 512 3741 ut
531 3690 624 3742 turbas
636 3706 741 3759 pugnae
760 3696 837 3757 aptas
856 3684 968 3738 minime
986 3682 1136 3754 transgredi

49 3767 185 3824 sinerent,
208 3774 303 3840 neque
318 3760 426 3829 navigia
441 3753 505 3812 itlis'
515 3760 551 3812 ad
568 3762 757 3821 traiectionem
773 3754 953 3828 praeberent,
977 3758 1137 3824 priusquam

50 3850 119 3887 mma
138 3832 347 3903 deposuissent,
357 3846 412 3903 quo
430 3832 520 3884 nudos
537 3833 761 3884 transmitterent
779 3828 879 3879 Eorum
897 3834 998 3889 autem,
1016 3825 1064 3895 qui
1084 3824 1136 3873 ista

51 3904 173 3957 nudata
192 3911 374 3968 exceperant,
390 3903 492 3955 exarsit
508 3902 554 3953 bio
572 3916 663 3953 amore
678 3901 759 3970 pueri
771 3896 885 3949 alicuius
905 3895 1015 3949 condidi
1035 3900 1062 3945 et
1077 3890 1138 3942 vul·

53 3981 80 4026 tu
94 3975 166 4047 grati
192 3987 230 4026 ex
248 3970 310 4036 his,
327 3974 376 4041 qui
394 3972 501 4027 traiecti
519 3973 645 4037 fuerant,
669 3974 740 4025 alter
757 3969 884 4024 misertus
905 3974 948 4021 est
969 3966 1060 4021 uxoris
1078 3964 1137 4017 ior--

81 4080 244 4154 Dexippus,
261 4056 412 4149 Eunepius
429 4088 478 4130 ete.
920 4069 937 4139 4
