2734 4634
127 213 131 224 ¹
218 133 343 198 susm
417 91 639 196 omnmo
666 128 872 198 uornoms
896 129 1095 198 vuarno„

222 291 354 380 ffeuti,
374 301 407 352 ut
421 309 474 350 neo
488 285 575 349 Galli
586 290 646 350 nisi
655 288 694 350 de
704 288 861 374 Hesparu's,
877 288 1073 376 neoHrspani
1081 290 1141 352 nisi
1150 287 1331 354 deGallis

220 374 341 455 sollier'ti
350 401 451 452 essent.
490 387 578 450 Nunc
586 389 670 450 rebus
682 389 734 450 vel
743 390 931 473 oompositis,
952 390 1004 450 oel
1011 413 1108 476 paene
1121 392 1327 477 compositis,

221 505 252 554 et
264 489 442 552 immutabili
450 487 685 575 paeefirmatis,
703 489 780 574 quid
796 502 840 548 est
857 489 1020 575 reliquum,
1040 491 1100 551 nisi
1117 503 1150 551 ut
1168 505 1257 552 artes
1282 509 1334 550 ac

220 590 394 676 discrplinas
412 587 456 648 ad
462 589 640 674 populorum
659 602 775 650 aarum
782 588 964 669 filieitatem
976 595 1181 675 promoveas?
1200 591 1329 672 Regno

222 704 285 752 tam
305 689 389 771 longe
409 687 606 773 latequesuso
626 709 778 774 nunquam
797 687 919 747 deenen
936 709 1021 772 opes.-
1042 688 1111 764 sed,
1132 691 1216 774 quod
1236 710 1329 773 opes

224 792 305 875 ipsas
323 809 422 870 regere
446 799 541 871 potest
572 801 602 848 et
620 787 664 847 ad
678 787 806 848 ‘lrrrrrsani
821 788 937 869 genen's
955 808 1037 848 asum
1056 790 1300 850 aooommodaoe
1310 833 1325 865 ,

221 902 330 951 rectum
359 887 398 948 de
417 886 501 946 rebus
529 888 659 948 omnibus
679 887 840 962 iudicium,
863 908 884 947 a
903 887 1068 948 letter-anmi
1089 888 1193 948 smdiis
1205 889 1330 975 profi·

221 990 293 1049 cisci
309 987 407 1063 debet,
438 987 603 1047 litteranurr
620 986 719 1047 studia
738 1008 759 1046 a
778 987 922 1047 librorum
941 1000 971 1048 et
988 987 1179 1048 libramonrm
1198 990 1326 1050 nitela.

222 1087 321 1148 Debes
353 1087 407 1147 lroe
434 1084 557 1147 diuinae
583 1086 810 1182 provr'dentzae,
842 1108 918 1172 quae
943 1085 1075 1146 Domum
1097 1084 1193 1148 Tuam
1213 1109 1329 1172 supr-a

114 1223 119 1235 .
222 1187 349 1271 relr'qrms
367 1185 509 1269 Europae
522 1186 676 1270 Princrpes
690 1187 894 1268 pulcherrima
909 1187 997 1268 prole
1004 1189 1170 1274 sommare
1190 1189 1327 1264 veliem

222 1297 256 1347 ut
273 1285 335 1346 1'am
349 1305 408 1345 non
425 1285 512 1345 modo
532 1283 671 1370 ffl'spano
699 1306 790 1366 regno
820 1287 854 1346 in
879 1307 978 1345 seram
994 1289 1195 1369 posteritatem
1212 1287 1328 1370 suffe-

221 1398 306 1446 ctura
323 1383 478 1458 videam,
500 1383 554 1444 secl
573 1385 707 1445 alrarrcm
726 1405 839 1470 quoque
854 1385 1080 1469 provincia-an
1092 1407 1175 1469 spem
1193 1399 1226 1447 et
1255 1411 1327 1449 ex-

222 1485 427 1569 spectationem
445 1497 637 1544 commoveat.
666 1483 737 1545 Non
755 1496 839 1568 potes
851 1485 963 1564 ingenti
981 1485 1047 1544 lario
1058 1483 1122 1545 Dei
1139 1498 1203 1568 opt.
1217 1507 1325 1548 maz·-

223 1582 359 1667 benfioio
376 1583 473 1666 aptius
490 1583 683 1667 respondere,
717 1603 806 1668 quam
830 1585 858 1643 si
869 1597 900 1644 tu
916 1603 1047 1668 quoque,
1070 1585 1210 1668 exemplo
1229 1587 1324 1664 eim,

223 1681 394 1744 mor-talibus
407 1681 593 1761 benefacias3
607 1684 640 1743 in
659 1704 749 1767 eoque
768 1685 904 1744 maxime
916 1683 1099 1762 benefacias,
1120 1683 1154 1744 in
1180 1691 1243 1767 quo
1255 1707 1325 1782 ap-

117 1807 120 1814 ·
223 1793 351 1866 pareat,
366 1793 543 1864 quantopere
551 1782 739 1866 privatorum
751 1783 886 1843 tenuitati
891 1783 984 1862 Regia
998 1782 1162 1867 amplitudo
1170 1787 1327 1867 praecel-

225 1881 282 1940 lat.
326 1877 387 1939 Ars
399 1879 472 1940 lraee
487 1893 598 1954 nostra,
619 1879 840 1965 Philosophiae,
859 1880 1044 1962 Theologiae,
1059 1883 1140 1941 sacri
1154 1884 1326 1968 civilisqroe

226 1977 307 2040 Iuris
319 1979 460 2062 totiruque
476 1977 648 2063 Sapientiae
655 1979 833 2040 administra
844 2024 853 2059 ,
865 1980 996 2063 privatis
1009 1982 1112 2064 oprlsus
1131 1994 1161 2042 et
1179 1984 1325 2042 consiliis

226 2091 304 2140 stare
318 2079 439 2162 nequit:
461 2098 514 2137 nee
528 2099 599 2139 uero
614 2099 667 2160 ego
683 2092 746 2138 tam
764 2080 865 2158 ingens
877 2100 951 2162 opus
965 2099 1083 2140 moerere
1100 2102 1186 2142 araus
1205 2104 1323 2157 essem,

226 2177 303 2240 side
319 2198 365 2238 rue
378 2177 578 2238 tantummodo
596 2180 776 2258 cogitassem.
805 2177 845 2237 In
865 2179 1060 2238 humanarum
1073 2200 1172 2240 renem
1177 2181 1325 2262 fastigia

227 2277 326 2338 oculos
354 2289 536 2362 mentemque
555 2279 668 2336 conieci
674 2299 687 2353 ,·
717 2289 746 2337 et
771 2276 853 2360 quod
876 2277 1014 2361 mpn'mis
1033 2279 1109 2338 rrrr'lsi
1123 2281 1328 2364 praefulgere

226 2377 323 2436 visam
349 2388 409 2452 est,
435 2396 470 2438 eo
491 2388 645 2461 tamquam
670 2375 784 2450 sidere,
813 2375 894 2460 quod
910 2376 1050 2454 faustum
1061 2379 1327 2464 fhrtunatumqroe

227 2486 317 2549 esset,
341 2475 444 2534 moliri
457 2477 550 2558 coepi.
591 2475 674 2536 Ades
697 2477 788 2556 igitru
808 2476 925 2536 homim'
947 2479 992 2548 (at
1012 2489 1143 2536 veterum
1157 2475 1326 2560 Hispano-

226 2589 293 2632 rum
314 2593 394 2633 more
420 2573 539 2657 loquar)
565 2574 670 2636 devoto
681 2575 818 2636 ‘Numini
825 2573 1032 2660 Maiestatique
1049 2575 1153 2651 Reae3
1172 2575 1326 2636 industri-

227 2691 333 2756 amque
362 2691 460 2732 meam
485 2674 518 2732 r'n
540 2693 573 2732 re
589 2687 652 2734 tam
674 2674 766 2754 gravi
785 2686 957 2760 oocupatam
981 2675 1061 2756 regio
1082 2675 1201 2736 nomme
1229 2687 1324 2758 tege,

226 2771 358 2855 asspicio
361 2773 461 2853 sooe,
476 2773 628 2855 praesideo
645 2785 783 2835 sementa.

728 3103 1052 3166 Bessnotorunas
1084 3099 1300 3181 lemen,

829 3235 1014 3274 ’ΠΡΟΟΙᾸΡΝΙ
1038 3235 1170 3275 ummo

629 3457 887 3478 m
