2734 4634
414 158 710 224 PANEGYRICUS.

19 316 165 401 Votaque
185 317 350 398 suscipiunt
370 336 427 399 pro
446 327 477 377 te
495 326 659 399 noctesque
678 314 812 397 diesque.

19 416 85 479 Nec
107 440 170 479 non
191 416 311 501 eloquio
330 416 508 491 decoratos,
529 416 657 475 maxime
677 414 841 496 Princeps,

20 518 108 595 Quos
131 517 269 579 doctrina
289 526 395 600 potens
415 526 446 577 et
469 514 562 577 ardor
582 514 713 575 musicus
735 524 846 597 auget,

21 609 165 695 Quorum
183 618 334 679 Romanas
353 617 453 677 munit
472 615 617 697 sapientia
637 612 735 696 leges,

22 716 170 778 Adsumis
190 718 306 791 socios,
329 716 406 776 iusto
426 714 631 775 moderamine
651 732 778 789 rerum,

20 814 66 877 Et
85 816 169 878 solus
189 815 285 877 doctis
307 814 362 877 das
379 817 512 899 praemia
533 812 624 895 digna
647 809 769 887 labore,

21 914 207 977 Muneribus
227 913 326 976 ditans
347 924 378 975 et
398 930 522 997 pascam
541 921 641 973 mente
660 909 802 991 benigna.

110 1014 195 1076 llaec
213 1025 335 1098 propter
355 1012 427 1075 celsi
443 1011 614 1073 dominator
631 1011 778 1070 maximus
799 1010 861 1068 axis

23 1114 154 1176 Infestos
176 1116 282 1177 vestris
302 1116 412 1177 avertit
435 1113 474 1174 ab
496 1111 615 1173 arcibus
635 1110 756 1186 hostes,

23 1214 113 1291 Quos
132 1213 218 1279 furor
239 1214 369 1277 iniustus
390 1211 503 1275 violato
521 1210 641 1272 foedere
660 1212 758 1269 morit

21 1312 193 1396 Euphratis
213 1315 291 1377 vasti
310 1333 404 1397 propc
424 1312 553 1374 maxima
570 1308 697 1371 flumina
716 1308 847 1390 raptim,

21 1412 72 1473 Ex
92 1412 256 1495 improviso
278 1413 430 1475 latronum
451 1428 535 1471 more
553 1419 688 1469 ruentes.

23 1512 87 1573 Sed
107 1514 191 1575 Deus
212 1514 243 1575 in
264 1514 417 1595 propriam
437 1509 554 1572 cladem
574 1518 764 1569 converterat
782 1506 869 1587 illos,

23 1610 226 1695 Consiliisque
246 1614 308 1674 tuis
327 1612 487 1673 iustissima
507 1608 620 1669 damna
637 1606 784 1669 tulerunt.

26 1712 113 1772 Haec
133 1712 238 1773 eadem
259 1723 407 1788 cunctos,
428 1709 510 1771 bello
527 1711 701 1790 quicunque
721 1706 870 1768 lacessunt

24 1812 148 1894 imperii
170 1810 308 1873 columen
330 1811 421 1872 vestri
441 1794 628 1892 pacemque,
650 1807 841 1885 manebunt;

24 1912 76 1972 Ut
95 1910 139 1973 sol
159 1932 272 1973 oceano
291 1910 400 1973 tollens
421 1930 617 1992 mer-gensque
636 1906 750 1990 iugales

27 2012 141 2073 Cernat
158 2012 308 2073 Anastaaii
329 2010 435 2073 llorere
450 2031 505 2093 per
527 2010 630 2070 omnia
645 2029 768 2069 nomen.

111 2112 250 2195 Utraque
270 2114 367 2173 Roma
387 2110 443 2172 tibi
465 2130 535 2171 nam
557 2130 645 2192 spero
663 2119 767 2192 parem
786 2110 860 2182 uni,

28 2210 153 2275 Auxilio
172 2215 302 2293 summi,
321 2214 374 2295 qui
395 2212 541 2294 conspicit
560 2211 681 2282 omnia,
703 2206 822 2287 Patris,

28 2314 130 2390 Quem
150 2311 250 2395 placas
270 2312 353 2374 omni
373 2310 488 2373 stabilis
507 2313 617 2394 pietate
639 2330 693 2392 per
712 2308 842 2386 orbem,

25 2411 157 2495 Templa
177 2433 292 2474 novans
315 2432 524 2494 renovantque
544 2410 611 2471 Deo
631 2408 777 2491 fulgentia
797 2428 934 2492 semper,

27 2512 191 2595 Lucraque
209 2532 281 2573 vera
300 2506 410 2596 putans
430 2530 539 2571 aurum
559 2528 735 2570 consumere
757 2510 848 2569 iuste.

113 2610 235 2693 Experti
255 2632 353 2694 nuper
371 2631 475 2673 minus
495 2630 586 2691 ergo,
606 2607 792 2691 sceptrifer,
812 2628 934 2682 omnes,

32 2710 156 2789 Quanta
176 2720 262 2771 tuum
283 2722 387 2795 pectus
406 2720 506 2772 servat
525 2711 696 2791 praesentia
715 2708 794 2791 regis

30 2808 191 2889 Caelestis,
213 2811 336 2893 propria
354 2810 489 2872 bonitate
506 2807 638 2892 pericula
658 2806 782 2891 pellens.

29 2908 110 2970 Nam
130 2931 199 2971 cum
219 2909 300 2971 mole
320 2931 400 2971 nova
420 2930 511 2993 supra
531 2920 562 2971 te
588 2911 676 2970 navis
695 2909 801 2990 iniqua

30 3008 101 3071 Sese
123 3030 193 3071 curn
213 3012 311 3072 ventis
332 3009 455 3071 veheret
475 3009 608 3091 velisque
630 3007 788 3083 nefandis,

31 3110 132 3193 Atque
153 3110 233 3173 salus
251 3110 363 3172 dubiae
382 3109 526 3194 penderet
547 3110 677 3169 maxima
697 3110 797 3188 vitae,

32 3210 138 3284 Vitae,
161 3232 225 3292 qua
244 3208 322 3293 leges
342 3212 462 3289 Latiae,
489 3231 549 3294 qua
570 3219 678 3270 cuncta
697 3217 856 3269 tenentur:

32 3308 101 3389 lpse
121 3310 205 3371 Deus
225 3310 332 3393 pelago
350 3331 490 3392 praesens
511 3309 647 3371 exhausit
663 3306 707 3368 ab
727 3306 809 3388 alto,

33 3408 172 3486 Quantus
193 3410 276 3471 adest
295 3431 350 3492 pro
368 3422 417 3489 tc,
438 3410 598 3473 ostendens
618 3408 792 3470 discrimine
806 3430 938 3493 magno,

32 3506 104 3567 Non
126 3507 212 3569 aliter
227 3530 382 3588 ‚summum
405 3507 510 3571 solitus
531 3518 699 3569 monstrare
720 3508 867 3570 favorem.

32 3608 141 3669 Sancta
160 3611 228 3690 pios
251 3608 389 3671 homines
408 3620 556 3671 testantur
576 3610 688 3692 scripta
709 3628 764 3691 per
783 3630 910 3685 aevum,

33 3708 194 3791 inquibus
214 3709 357 3771 historiae
376 3708 452 3773 tales
474 3722 544 3771 sunt
565 3706 647 3770 mille
668 3708 844 3783 bonorum,

34 3808 172 3885 Quorum
192 3812 235 3870 sic
255 3813 353 3873 virtus
372 3810 569 3896 praefulserat
590 3811 731 3871 omnibus
751 3811 858 3889 annis,

33 3909 144 3971 Dextra
164 3910 248 3991 quod
271 3912 382 3993 eripuit
402 3912 505 3973 divina
526 3934 543 3973 e
562 3911 680 3973 casibus
704 3909 781 3975 illos}
898 3973 902 3981 ,

107 4040 166 4094 ²7⁰·
186 4024 275 4080 omnis
292 4024 351 4082 cod.
