2734 4634
183 59 336 122 XXXVIII
421 143 426 148 Ι
483 54 703 118 DEDICATIO
733 53 986 120 HOESCHELII.

185 231 290 272 corum
318 207 530 270 historicorum
550 207 716 290 fingmento
742 207 938 290 suppeditat,⁸
951 227 1082 289 quorum
1105 205 1183 268 nthss
1204 207 1278 268 fere

185 309 331 371 hactenus
351 319 469 390 praeter
483 328 598 368 nomen
614 309 735 369 exstitit.
780 308 836 369 His
864 305 1058 368 corollarium
1073 307 1275 387 addidimus,

187 407 302 489 eclogas
334 404 483 467 librorum
515 406 641 466 Diodori
676 403 769 466 Siculi
797 407 992 484 amissorum,
1020 427 1095 489 quas
1123 405 1278 466 ecodice

186 506 334 567 Ludovici
359 505 521 568 Alemanni
550 505 720 567 Florentini
748 505 868 567 doctiss.
898 507 938 566 R·
959 506 1116 567 Thomson
1148 504 1277 588 Anglus

187 627 308 667 mecum
325 609 419 667 amice
429 608 676 668 communicavit.
720 606 803 666 Haec
821 616 959 667 veterum
974 617 1188 684 monumenta,
1210 605 1278 664 Vir

189 705 385 788 amplissime,
409 706 484 779 tibi,
499 715 599 767 tantae
615 705 768 787 dignitatis
786 715 946 788 tantaeque
965 705 1152 779 eruditionis,
1165 704 1279 766 dicare

189 825 252 866 non
273 804 393 866 inissem
415 826 525 884 ausus,
547 806 605 865 nisi
625 803 762 894 nobiliss.
784 805 907 865 Marcus
927 803 1091 882 Velserus,
1116 803 1279 865 Duumvir

190 915 311 981 noster,
334 905 551 982 ambustum,
576 925 625 965 me
639 904 863 981 confirmasset3
885 904 971 966 cuius
987 902 1160 965 liberalitati
1176 903 1277 964 editio

189 1002 264 1065 hacc
285 1003 423 1066 debetur.
465 1001 512 1064 Ac
536 1024 607 1064 sanc
632 1003 796 1064 iucundam
817 1003 881 1064 fore
901 1002 1013 1065 horum
1032 1003 1088 1064 tibi
1109 1001 1276 1063 lectionem
1324 1077 1331 1090 .

190 1102 396 1182 arbitramur,
425 1104 584 1186 cognituro
604 1124 674 1163 oum
705 1100 764 1165 alia
794 1101 956 1164 observatu
981 1123 1127 1185 perquam
1157 1099 1275 1184 digna,

190 1209 257 1262 mm
285 1200 420 1284 exempla
450 1205 538 1284 (qnae
560 1204 661 1284 potior
688 1204 786 1285 operis
810 1205 890 1286 pars)
916 1205 980 1264 eiu's
1009 1202 1161 1278 muneris,
1187 1199 1276 1284 quod

192 1301 335 1384 singulari
354 1301 432 1376 fide,
464 1323 537 1362 cura
556 1312 587 1364 et
609 1301 789 1384 prudentia,
810 1301 850 1363 de
877 1303 1060 1385 gravissimis
1079 1301 1186 1375 rebus,
1208 1323 1276 1384 qna

191 1421 246 1482 per
276 1401 469 1462 Germaniam
489 1411 520 1462 et
542 1401 742 1482 Sarmatiam,
776 1423 838 1484 qua
860 1423 915 1484 per
938 1401 1074 1478 Italiam,
1091 1423 1110 1462 a
1138 1403 1275 1462 maximo

192 1499 319 1562 Caesare
348 1499 386 1560 ad
410 1521 543 1562 summos
563 1502 719 1586 Principes
738 1504 860 1578 missus,
891 1502 1017 1580 obiisti3
1040 1500 1275 1582 iucundiorem,

191 1600 262 1682 quia
283 1597 385 1681 lingua
400 1599 515 1660 Graeca
533 1599 646 1662 isthaec
671 1601 836 1684 prodeunte
858 1603 943 1663 cuius
968 1603 1059 1662 isest
1076 1622 1163 1661 amor
1180 1611 1272 1677 tuus,

192 1719 228 1760 ea
247 1701 377 1782 peritia,
401 1709 436 1760 nt
466 1698 548 1776 locos
571 1701 646 1762 scias
670 1712 828 1762 auctorum
848 1703 1003 1764 restituere
1027 1700 1119 1775 illos,
1140 1700 1181 1761 ad
1195 1721 1275 1783 quos

192 1797 232 1858 ab
255 1796 322 1859 aliis
342 1795 561 1859 conclamatum
577 1809 632 1860 est.
674 1799 760 1861 Nihil
779 1802 877 1863 dicam
899 1801 937 1863 de
954 1800 1122 1880 beneficio,
1144 1820 1205 1882 quo
1222 1821 1276 1860 me

191 1894 225 1956 in
238 1895 327 1979 Reip.
345 1895 494 1958 literariae
510 1897 705 1960 commodum
723 1901 835 1962 ornasti
852 1902 994 1962 marimo.
1036 1899 1099 1964 Pro
1116 1920 1177 1982 quo
1192 1901 1272 1982 grati

191 2003 223 2059 et
243 1997 386 2058 memoris
401 1995 493 2058 animi
510 1996 716 2058 testimonium
738 1998 797 2061 hoc
818 1989 1026 2082 esse'aliduod
1041 1999 1184 2081 patiaris,
1205 2019 1272 2060 me-

192 2111 253 2176 que
267 2113 359 2176 porro
377 2094 619 2158 commendatum
645 2095 759 2158 babere
778 2099 928 2180 digneris,
949 2099 1040 2160 etiam
1063 2109 1156 2180 atque
1178 2099 1274 2160 etiam

192 2210 257 2254 oro.
299 2191 380 2254 Bene
399 2191 486 2272 vale,
501 2194 683 2276 praesidium
703 2218 739 2256 ac
756 2195 848 2258 decus
863 2199 1030 2260 Musamm.

193 2293 197 2302 ’
274 2289 585 2375 AugustaeViadelic.
598 2294 742 2376 postridie
755 2295 1271 2380 uon.nprilis,A.S.1t.tmcn1.
