2734 4634
307 160 389 247 580
593 192 763 255 rniinri
791 190 931 256 manu
965 187 1104 254 noras

197 358 222 409 r.
245 356 292 425 ,οι
393 344 676 431 regianum
694 346 759 430 ια]
773 308 912 407 αισα.
928 345 1160 431 conflagrem
1178 356 1303 404 ema..
1336 353 1342 372 ·

308 452 391 490 mum
424 429 500 490 illud
533 431 589 489 sub
624 434 725 491 Leone
763 433 948 573 Imperatore
977 428 1156 489 incendium
1191 430 1323 520 regiae
1346 453 1367 476 κ

307 512 453 573 fusissime
473 513 612 573 describit
638 514 789 594 Euagrius
822 514 865 573 ib.
884 535 914 573 a.
938 533 1003 593 cap.
1026 514 1093 572 iia
1120 510 1157 571 ὲν
1182 511 1249 587 μὲν
1280 530 1323 591 πρ

252 624 255 632 ’
308 595 382 675 ρείιο
405 594 527 669 κλίματι
540 644 548 672 ,
574 595 608 655 ἐν
631 582 656 677 ᾧ
676 592 733 654 καί
742 590 864 677 ,νεώρια
887 593 943 675 τῆς
966 591 1086 665 πόλεως
1106 592 1308 655 καθεστᾶσιν
1331 614 1365 647 ατ

306 656 373 737 τοῦι
388 676 577 753 καλουμένου
600 670 674 754 βοὸς
699 674 798 757 πόρου
822 677 917 758 μέχρι
940 675 995 737 τοῦ
1015 675 1159 735 παλαιοῦ
1180 672 1361 735 ’Andusia

307 759 341 819 ἐν
369 760 403 819 δὲ
426 759 468 842 τῷ
495 758 585 840 νοτίῳ
617 754 679 817 α’πὸ
708 760 765 819 τοῦ
788 758 969 820 Ἰουλιανοῦ
1003 760 1136 855 λιμοίισςε
1164 753 1272 836 μέχρι

308 840 349 899 ου’
362 836 440 901 πολι)
464 840 614 917 κειμένων
631 840 688 900 τοῦ
705 838 869 922 εὖκτηρίου
885 842 941 921 τῆς
964 839 1093 921 ἐπίκλην
1118 838 1279 914 σμονοιας
1296 839 1342 898 iu

307 923 387 995 σιἀς·
429 921 462 983 ἑν
490 922 524 983 δὲ
548 924 592 1005 τῷ
613 917 791 1007 μεσαιτάτῳ
808 924 861 1005 τῆς
877 922 995 994 πόλεως
1009 923 1099 1005 μέρει
1122 916 1190 982 ἀπὸ
1218 921 1282 981 τοῦ
1308 922 1358 1011 lla

306 1004 464 1067 σταντίνου
498 1004 808 1087 προσαγορευομένου
839 1000 939 1088 φόρου
965 1005 1061 1085 μέχρι
1091 1006 1152 1086 τῆς
1176 1005 1245 1065 τοῦ
1281 1012 1365 1075 που.»

306 1088 498 1167 καλουμένης
513 1086 637 1166 α’γοριῖς.
680 1090 799 1165 Quibus
820 1110 855 1149 ac
872 1089 1121 1171 praecedentibus
1141 1091 1284 1149 maxime
1304 1088 1363 1145 τοτ’.

203 1172 469 1251 Maofisignifieat,
504 1192 593 1251 quam
624 1170 709 1231 foede
739 1183 870 1253 grassata
895 1176 934 1233 sit
960 1171 1033 1231 haec
1052 1172 1157 1232 clades
1184 1184 1221 1232 et
1257 1184 1367 1254 quant·l<

306 1254 391 1313 urbis
415 1244 545 1335 parternl
565 1252 686 1313 flamma
712 1253 854 1336 populata
882 1257 933 1316 sit.
974 1256 1121 1316 Eiusdem
1149 1252 1366 1337 conflagratio:

305 1340 419 1396 mentio
438 1335 519 1417 apud
532 1337 669 1396 Priscum
685 1339 716 1395 in
736 1338 891 1419 Excerptis
905 1340 1103 1419 Legatiouum
1115 1360 1193 1419 pag.
1212 1338 1269 1417 43.
1281 1340 1320 1397 Ι).
1343 1368 1362 1388 ··

305 1422 397 1479 tionis
412 1421 522 1502 regiae,
540 1431 570 1478 et
580 1418 774 1480 Marcellinus
783 1420 891 1481 Comes
904 1423 936 1480 in
950 1422 1081 1499 Chrom,
1093 1423 1257 1487 Basilisco
1275 1435 1305 1480 et
1321 1421 1356 1513 H:

307 1505 450 1562 mcnerico
463 1502 556 1572 cose,
586 1500 643 1562 hoc
668 1514 722 1578 est,
746 1524 826 1562 anno
847 1504 958 1564 Christi
978 1503 1073 1583 465„
1104 1505 1359 1588 &memnona

306 1608 413 1665 magno
447 1587 583 1643 ι’νιυατστη
610 1585 743 1645 incendio
759 1588 903 1671 facieque
917 1588 1078 1668 foedatam
1097 1588 1317 1670 deplwerisre.
1338 1610 1364 1645 ιι·

305 1678 414 1727 morat.
467 1666 556 1725 Diem
593 1668 797 1747 praescribere
829 1670 950 1730 videtur
984 1672 1170 1731 Theodorus
1210 1672 1359 1754 nangae

306 1750 435 1831 Magnae
449 1748 601 1809 Ecclesiae
617 1750 671 1809 lib.
693 1752 917 1820 r.Colleetan.:
945 1747 1134 1833 ἐμπρησμὸς
1155 1753 1291 1833 ἐγένετο
1309 1757 1352 1830 pn}

304 1832 344 1913 τῇ
377 1825 585 1915 ὸἰυτὲρρ’τοῦ
602 1834 817 1914 Σεπτεμβριλιυ
844 1831 943 1915 μηνὸς
973 1831 1116 1897 dadraei
1141 1836 1289 1913 νεωρίου
1308 1836 1356 1911 dp}

305 1932 412 1989 μενος,
434 1910 488 1973 καί
507 1907 635 1995 φθάσας
658 1914 716 1985 ἕως
739 1917 796 1976 τοῦ
816 1912 988 1979 α’ποστὸλου
1011 1917 1116 1995 Θωμᾶ
1140 1919 1203 1977 τοῦ
1222 1918 1361 1996 ’Apim

306 1996 376 2071 Quo
397 2006 532 2077 tempore
554 1997 633 2056 idem
666 2007 813 2077 testatur,
844 2002 1033 2061 Marcianum
1063 2003 1294 2063 Oeconomum
1316 2025 1353 2082 sn¹

304 2078 421 2158 tegulas
445 2076 584 2139 ecclcsiae
606 2092 726 2144 sanctae
747 2082 922 2143 Anastasiae
941 2084 1175 2155 conscendisse,
1205 2098 1242 2145 et
1263 2088 1366 2147 Euan:

305 2158 354 2219 liis
376 2182 468 2221 manu
488 2162 642 2241 prehensis
662 2165 803 2243 precibus
824 2166 1014 2247 lacrimisque
1033 2168 1190 2249 templum
1218 2169 1302 2230 illud
1320 2170 1358 2227 iti.

305 2264 372 2302 snm
394 2264 536 2306 servasse.
579 2246 693 2305 Eadem
715 2246 806 2306 habet
824 2248 1025 2330 Theophanes
1044 2253 1076 2309 in
1100 2250 1271 2312 Chronico
1285 2254 1337 2311 iisl

306 2348 366 2407 qne
388 2348 482 2408 paene
506 2327 623 2411 verbis,
642 2328 699 2388 boc
720 2327 863 2389 duntaxat
883 2333 1007 2413 insuper
1030 2332 1150 2411 addito,
1175 2336 1270 2415 quod
1292 2336 1328 2394 ad
1356 2367 1358 2370 ¹

305 2428 380 2467 num
413 2411 522 2468 Leonis
556 2412 696 2491 quintum
727 2423 817 2494 atque
846 2415 1038 2475 indictionem
1070 2416 1173 2493 XV.,
1197 2420 1273 2479 sive
1292 2440 1360 2478 anne

305 2489 458 2551 Dominici
480 2492 591 2552 Natalis
613 2493 701 2573 461,
717 2497 931 2557 incendiariam
952 2498 1033 2558 illam
1055 2498 1302 2580 populationem
1325 2502 1364 2560 rei

304 2584 371 2650 rat,
396 2579 426 2633 in
449 2594 534 2714 φιο,
556 2588 592 2633 ut.
611 2578 715 2655 vides,
737 2577 935 2661 quadriennio
954 2581 1076 2641 dissidet
1096 2605 1115 2642 a
1137 2584 1321 2645 Marcellini
1354 2605 1359 2614 ·

305 2654 386 2713 culo.
430 2656 454 2713 C
477 2658 600 2717 ronicon
634 2660 782 2721 Alexand.
812 2663 921 2745 duplex
951 2664 1109 2745 distinguit
1138 2668 1365 2734 incendinm.=.

304 2737 438 2817 primum
459 2738 580 2818 quidem
601 2742 744 2802 accidisse
765 2744 856 2805 refert
875 2746 1058 2807 Basiliscoet
1070 2748 1287 2812 Armenarico
1333 2779 1355 2802 ¹·

303 2831 370 2899 post
392 2820 455 2880 dies
478 2822 528 2881 ὄσ.
551 2822 589 2881 ab
619 2826 731 2885 iniusta
760 2828 850 2887 caede
873 2830 991 2906 Menae,
1012 2830 1159 2911 praefecti
1184 2834 1333 2916 vigilum.

302 2902 438 2963 vindicta
458 2907 589 2969 numinis
610 2906 806 2990 conflagrasse
835 2913 865 2971 in
894 2913 970 2973 urbe
998 2923 1065 2973 octo
1085 2917 1236 2994 regiones
1264 2940 1295 2977 a.
1315 2916 1363 2994 Se

303 2982 360 3042 ser.
377 2984 409 3062 4.
436 2986 540 3046 lndict.
558 2989 627 3067 lll.,
652 2992 714 3067 (seu
735 2993 834 3072 potius
856 2995 937 3072 lV.,)
958 3018 1027 3056 curn
1047 2994 1269 3059 celebraretur
1289 3022 1362 3059 mua

303 3067 348 3125 ria
370 3067 402 3127 S.
417 3070 590 3131 Mamantis.
635 3072 772 3133 Alterum
786 3097 858 3136 vero
872 3078 963 3139 refert
983 3080 1020 3139 ad
1043 3100 1160 3140 annum
1175 3082 1300 3145 Christi
1313 3082 1365 3160 ίαν

303 3150 424 3211 Zenone
445 3160 475 3211 et
497 3154 651 3215 Marciano
674 3157 773 3233 Coss,
795 3182 856 3239 quo
878 3163 982 3222 arsisse
1002 3161 1111 3221 urbem
1130 3166 1250 3224 scribit
1281 3190 1298 3225 a
1328 3188 1356 3216 ιι

304 3232 342 3293 ad
363 3254 457 3294 mare.
501 3234 674 3321 Utrumque
700 3240 821 3300 videtur
841 3244 1008 3305 confudisse
1020 3246 1180 3324 Zonaras,
1200 3250 1290 3330 apud

304 3315 393 3399 leges,
416 3317 562 3401 Asparem
574 3332 646 3381 tnnc
663 3344 714 3383 vas
736 3345 813 3405 aqna
836 3325 960 3406 plenum
980 3328 1114 3388 bnmeris
1136 3330 1296 3393 ferentem
1315 3334 1357 3387 sta

303 3401 506 3479 percurrisse,
540 3404 688 3485 populum
709 3406 898 3468 cohortatum
922 3411 1013 3471 fuisse
1032 3422 1063 3471 et
1082 3413 1216 3495 singulis
1238 3436 1345 3477 nomm

304 3494 478 3563 argenteum
501 3507 556 3567 pro
576 3488 713 3547 mercede
732 3488 858 3551 dedisse.

385 3566 670 3652 Pag.18.l.[475,
686 3570 748 3654 ¹7·]
761 3574 811 3632 De
827 3576 945 3635 Manno
961 3588 990 3633 et
999 3573 1034 3635 V
1030 3578 1142 3641 ιὐίσπο.
1186 3578 1361 3661 Repmnmde

302 3646 380 3707 sorte
399 3671 456 3731 pro
476 3652 597 3711 Titiano
628 3654 788 3728 Tatianus,
932 3678 962 3716 ιο
992 3659 1116 3720 Priscus
1154 3663 1328 3723 Historicns
1355 3691 1367 3710 a

300 3728 454 3813 Excerptis
475 3734 671 3815 Legatinnnm
692 3759 761 3819 pag.
778 3762 803 3821 7.
903 3742 992 3799 tionis
1011 3745 1129 3824 regiae:
1168 3738 1219 3805 dri
1254 3745 1348 3807 e'niA

301 3829 386 3883 σντος
411 3814 566 3891 βασιλέως
581 3814 750 3893 Ῥωμαίων
774 3818 978 3900 sacratissimo
1003 3820 1089 3899 nand
1114 3826 1177 3903 μὲν
1201 3823 1358 3906 Βανδξὶιτ

300 3888 380 3970 ὑπὲρ
399 3894 530 3957 Ἰταλῶν
555 3897 709 3975 Τατιανός
733 3902 767 3962 ἐν
791 3907 829 3983 τῇ
841 3906 916 3965 τῶν
933 3904 1105 3981 πατρικίων
1121 3905 1198 3992 α”ξίρ
1219 3902 1358 3983 ιιιιταλεξΙ

297 3990 409 4049 μενος,
429 3999 506 4055 qnae
525 3982 617 4043 verba
639 3984 750 4044 ibidem
773 3984 924 4047 habentur
943 4011 974 4069 p.
991 3988 1044 4067 43.
1056 3992 1094 4050 D.
1139 3992 1295 4052 vivianus
1315 4014 1344 4047 ι.

298 4052 362 4110 sive
389 4054 530 4123 Bibianus
552 4087 631 4126 anno
644 4068 797 4130 Dominici
811 4070 926 4132 ll'atnlis
938 4072 1026 4152 463,
1041 4072 1110 4136 lnd.
1128 4097 1168 4155 t.,
1185 4098 1257 4136 cum
1274 4075 1366 4136 Fette.
