2734 4634
375 258 401 320 τι
429 233 582 324 τοιοῦτοι
612 258 817 326 ursrours.
1049 267 1129 353 277

67 408 130 472 ssim
154 409 318 489 στενάξας,
348 410 457 490 ,Θεοῦ
483 412 625 493 παίγνιον
645 409 747 496 δρα,”
768 408 864 495 εἶπεν,
887 414 927 497 „si
947 407 1133 504 ἄνθρωπος,

65 503 120 588 εἴγε
137 509 189 570 καί
206 509 264 588 ἐμὲ
286 502 370 572 eicos
389 512 512 589 παίζειν
539 517 630 596 φιλεῖ
645 510 679 576 τά
703 510 885 594 δαιμόνιον.
915 511 990 598 tuot
1006 513 1068 602 γάρ
1090 515 1129 601 δή

67 602 92 668 oi
100 600 222 683 μάντεις
236 602 402 671 riv-'Ioum
409 630 442 672 ον
456 612 541 692 μῆνα
557 608 726 694 ἔξανάγκης
749 613 785 676 ἐν
796 611 1134 678 Κωνσταντινουπόλεο

66 698 282 783 διατεινάμενοι
293 698 473 790 προῦλεγον.
485 704 570 790 κδγοδ
582 710 640 787 μὲν
650 705 792 790 ἐνόμιζον
802 711 1133 785 ἐςΚωνοταντινοάπο-

49 804 105 864 5λιν
119 796 342 886 άναβήσεαδαι,
361 806 418 868 νῦν
442 807 477 868 δὲ
498 802 624 870 πάντων
645 805 758 892 ἔρημος
778 807 833 872 καί
851 808 956 895 φυγάς
972 813 1017 886 εἰς
1034 805 1137 896 λόφον

62 890 166 982 ἦλθον,
186 897 325 984 εὑρηκώς
345 900 362 966 δ
391 903 527 981 δειλαιος
548 905 759 990 προσηγορίαν
777 905 972 989 ὅμοι’νυμον.”
995 912 1047 973 Id.
1059 937 1085 973 s.
1094 937 1127 974 υ.

135 999 172 1083 η’.
214 997 346 1084 Ζήνων,
366 1002 517 1084 βασιλεάς
539 1003 730 1086 Ῥωμαίων.
771 1003 804 1082 iic
824 1008 956 1091 Ζήνωνα
977 1005 1031 1073 τόν
1052 1003 1131 1074 iou-¹

63 1101 115 1160 rosi
132 1094 198 1163 visin
218 1099 367 1184 διάδοχον
386 1098 632 1183 καταλιμπάνειν
652 1105 755 1170 θέλων
775 1107 890 1192 κομιδῇ
923 1109 1008 1189 νέον,
1030 1112 1129 1194 προή-·

62 1200 95 1278 γε’
112 1199 201 1261 τιδι’
221 1198 335 1281 οἰξιῶν,
355 1203 411 1264 καί
428 1205 668 1281 σωμασκεῖσθαι
688 1203 828 1269 ἐκέλευεν
850 1207 895 1280 εἰς
916 1205 1057 1270 ἐπίδοσιν
1074 1213 1131 1292 τῆς
1189 1247 1190 1252 1

33 1295 181 1378 ιοήλικίας.
229 1297 260 1363 οἱ
283 1301 318 1362 δὲ
337 1297 498 1381 βασιλικοί
516 1300 551 1366 ἐν
570 1301 696 1390 ἐξουσίᾳ
715 1301 874 1385 γενόμενοι
895 1307 952 1368 τοῦ
971 1298 1070 1388 άδδην
1089 1306 1130 1374 τό

62 1391 184 1478 δημόσια
213 1400 465 1480 καταναλίσκειν,
493 1403 703 1485 συβαριτικοῑς
721 1399 776 1467 τδν
796 1403 866 1466 νέον
885 1405 1060 1490 κρατπαλᾷν
1079 1407 1133 1472 δν-

60 1493 181 1576 ήργουν,
224 1499 281 1559 καί
297 1497 567 1583 μαστροπεάοντες
586 1501 672 1586 αὐτῷ
693 1497 769 1575 τοδς
788 1497 943 1586 συνήβους
958 1499 1038 1589 πρὸς
1057 1501 1133 1580 rusie

58 1594 114 1656 τεάν
142 1593 284 1682 άβρἑνων
317 1593 435 1682 ἔρωτας
456 1598 576 1685 λυσσᾷν
597 1597 788 1688 ἐπαίδευσαν
810 1593 969 1676 ἐκτόπως.
1010 1602 1132 1686 διαίτης

58 1685 108 1755 eds
133 1693 166 1758 ἕν
183 1692 313 1777 ἡδοναῖς
341 1699 397 1759 καί
414 1697 503 1784 τάφῳ
523 1700 710 1782 τιθεμένης,
741 1701 805 1764 τῶν
826 1702 930 1764 καλεῖν
948 1694 1021 1774 ἑκάς
1040 1699 1129 1782 γενά-

30 1792 160 1874 ιδμενος,
187 1791 245 1858 καί
270 1790 328 1875 τήν
354 1794 594 1880 δποτυφομένην
622 1791 809 1876 ἆλαζονείαν
836 1798 892 1864 ἐπί
916 1800 954 1885 τῇ
981 1802 1129 1886 βασιλικῇ

57 1894 221 1980 καραδοκίρι
249 1889 304 1957 διά
331 1895 388 1957 τοῦ
422 1893 591 1979 προσώπου
628 1893 853 1983 άπεμφαίνων,
882 1897 1065 1981 ἅκροβατεῖν
1092 1920 1128 1961 τε

55 1982 161 2074 ήρξατο
178 1989 236 2055 καί
263 1989 419 2077 μετέωρον
436 1989 491 2057 τόν
511 1993 631 2075 ου’χάνοι
658 1991 763 2079 αἴρειν
781 1997 844 2076 καί,
867 1991 1044 2079 συλλήβδην
1064 1993 1129 2081 φάε

56 2112 120 2171 ναι,
156 2092 326 2175 προσέχειν
344 2094 442 2156 πᾶσιν
469 2089 512 2167 ιδς
528 2093 660 2170 οἰκέταις
681 2090 880 2178 ἀνθρώποις.
921 2097 990 2158 ἀλλ’
1011 2093 1028 2156 δ
1048 2093 1128 2158 ποίν-

54 2211 110 2251 των
134 2184 252 2274 ἔφορος
281 2188 337 2272 τήν
367 2187 503 2274 φυσικήν
533 2187 589 2254 καί
609 2187 761 2276 διδακτήν
783 2187 939 2276 κακότητα
959 2191 1059 2255 αὐτοῦ
1079 2214 1129 2255 τε-

28 2289 213 2367 ιοδεαμὲνος,
237 2283 469 2372 διαβρεάσαντα
490 2290 531 2375 τῇ
549 2287 662 2374 γαστρί
680 2291 737 2354 καί
755 2289 954 2372 ἀναισθήτως
973 2289 1028 2351 ε’πδ
1051 2294 1129 2351 πολ-

54 2381 104 2457 λάς
122 2384 244 2470 ἡμέρας
263 2387 296 2461 ἐς
316 2382 374 2470 τήν
387 2384 481 2470 εδνήν
495 2381 725 2468 άποπατοδντα,
746 2381 890 2472 πρόαρον
912 2387 975 2450 τοῖν
995 2385 1127 2472 ‹inuuu-

53 2486 140 2548 πείοον
160 2484 347 2550 ἐδικαίωσεν
366 2484 503 2570 ἐκβῆναι.
529 2490 615 2552 Idem
631 2513 655 2550 s.
663 2513 696 2550 υ.

53 2636 106 2688 dem
122 2656 165 2692 me
183 2640 226 2693 sic
249 2637 383 2692 ludificari
406 2639 511 2709 placuit
530 2642 645 2692 numiui.
681 2642 765 2696 Vates
785 2643 857 2694 enim
882 2646 1037 2693 constanter
1058 2641 1128 2694 mibi

50 2708 258 2774 praedixerunt,
285 2712 384 2763 iulium
410 2725 531 2762 mensem
556 2711 634 2762 illum
653 2728 729 2774 esse,
748 2727 802 2782 quo
823 2729 867 2764 me
886 2709 1128 2780 Constantinopoli

51 2783 191 2833 necessario
221 2797 280 2832 esse
302 2787 448 2849 oporteret.
488 2782 579 2850 Atque
607 2797 656 2850 ego
682 2782 794 2852 quidem
813 2782 974 2846 arbitrabar,
993 2798 1036 2834 rue
1055 2781 1129 2834 Cun-

50 2851 252 2921 stentinopolim
278 2867 460 2903 ascensurum.
506 2851 587 2902 Nosne
615 2869 679 2903 vero
710 2853 744 2904 eb
772 2853 897 2904 omnibus
923 2851 1069 2905 destitutus
1097 2860 1125 2904 et

51 2920 106 2970 canl
123 2922 151 2973 in
178 2921 279 2972 collem
297 2924 378 2984 rcui,
397 2921 507 2972 inventa
526 2921 607 2972 miser
625 2923 811 2990 appellatione
824 2921 967 2974 consimili.

110 2993 134 3043 8.
170 2993 264 3053 Zeno,
288 2991 468 3043 Romanorum
497 2992 661 3058 imperator,
690 2994 738 3063 qui
753 2995 901 3054 Zenonem,
924 3009 1002 3045 suum
1020 2991 1126 3057 illium,

48 3057 184 3112 admodum
226 3060 446 3123 adolescentem,
475 3063 585 3129 imperii
608 3077 788 3115 successorem
814 3063 968 3134 relinquere
994 3065 1125 3131 cupiens,

47 3147 90 3196 per
106 3135 191 3184 varias
211 3131 359 3199 dignitates
387 3129 569 3199 provehebat,
590 3140 618 3183 et
637 3147 734 3201 corpus
755 3149 878 3185 exercere
897 3132 1010 3184 iubebut
1028 3134 1062 3184 ad
1081 3134 1125 3182 iu-

47 3211 205 3253 crementum
224 3210 352 3252 suturae.
388 3201 442 3253 Sed
452 3202 623 3268 imperatorii
640 3219 782 3270 proceres,
802 3205 874 3255 nacti
903 3210 1064 3272 potestatem
1091 3203 1125 3252 fi-

47 3272 80 3320 sci
97 3271 206 3323 abunde
225 3269 423 3334 exhauriendi,
441 3288 550 3338 operam
567 3272 677 3335 dobant,
698 3281 730 3326 ut
748 3273 905 3326 adolescens
923 3273 971 3324 ille
990 3271 1124 3339 Sybariti-

46 3358 74 3391 ω
90 3359 162 3394 more
188 3341 319 3410 crapulae
339 3351 368 3393 et
384 3339 473 3392 foedis
489 3342 675 3409 voluptatibus
701 3343 871 3414 indulgeret,
899 3353 926 3395 et
944 3345 1000 3394 suis
1018 3341 1124 3392 lenoci-

46 3411 95 3461 niis
119 3413 300 3466 conciliantes
325 3412 378 3480 ipsi
399 3409 520 3464 eiusdem
545 3414 643 3464 relatis
661 3413 793 3482 puberes,
815 3414 977 3484 quibuscum
994 3410 1123 3462 versaba-

45 3485 98 3543 tur,
121 3483 215 3552 ipsum
236 3481 353 3550 turpiter
380 3481 574 3543 instituerunt,
600 3483 676 3534 utin
695 3485 810 3535 marium
830 3501 933 3537 amores
952 3483 1042 3532 furore
1061 3495 1122 3532 cor·

43 3561 129 3618 reptus
154 3553 285 3606 serretur.
333 3551 401 3603 Cum
423 3551 507 3621 igitur
529 3554 601 3604 vitoe
632 3568 716 3619 genos
742 3556 771 3606 iu
789 3557 928 3623 voluptate
947 3559 975 3602 et
994 3551 1122 3617 superbia

43 3621 244 3685 traduceretur,
270 3622 305 3674 ab
331 3622 457 3673 omuibus
483 3620 581 3673 studiis
605 3621 727 3675 boueslis
755 3633 873 3676 remotus
903 3631 931 3672 ct
966 3636 1122 3672 succensam

42 3695 222 3760 arrogantium
250 3691 286 3744 ob
311 3691 421 3761 imperii
442 3693 670 3759 exspectationem
695 3711 710 3745 e
735 3697 812 3746 vultu
839 3693 989 3744 elucentem
1008 3707 1073 3760 prae
1092 3707 1122 3744 se

41 3760 138 3826 ferens,
163 3762 279 3814 summis
307 3761 408 3832 pedum
433 3761 525 3829 digitis
544 3759 671 3816 incedere
695 3773 723 3816 et
752 3765 894 3815 sublimem
918 3761 1048 3814 cervicem
1067 3763 1122 3814 cri»

42 3846 112 3896 gere,
130 3840 159 3884 et
177 3835 225 3902 (ut
246 3833 336 3900 paucis
357 3848 412 3883 rem
431 3840 515 3883 totam
535 3833 709 3902 complectar)
729 3849 789 3884 cusu
809 3831 936 3883 omnibus
954 3831 1122 3893 bominibus,

42 3909 68 3950 ut
83 3920 142 3956 cuna
162 3903 271 3965 servis,
290 3918 369 3972 agere
388 3903 487 3969 coepit.
522 3901 577 3953 Sed
599 3903 648 3956 iile
666 3921 757 3956 rerum
775 3903 895 3953 omniurn
916 3903 1055 3972 inspector
1072 3917 1122 3953 na-

41 3973 152 4024 turalem
178 3980 211 4024 et
240 3971 361 4026 edoctam
385 3973 471 4039 ipsius
489 3971 692 4040 improbitatem
712 3972 927 4040 contemplatus,
944 3974 1032 4042 ipsum
1051 3979 1123 4023 mste

41 4041 160 4104 punivit,
185 4042 228 4093 its
255 4048 286 4093 ut
309 4044 412 4094 ventris
437 4041 571 4109 profluvio
596 4051 625 4095 et
643 4043 702 4096 siue
731 4059 811 4094 sensu
830 4059 879 4111 per
896 4042 954 4094 dies
973 4041 1074 4092 mullos
1093 4040 1122 4093 in

41 4107 106 4163 lecto
123 4113 218 4167 ulrum
238 4126 389 4166 exonerans
407 4112 550 4166 immaturo
568 4121 657 4168 setate
678 4131 716 4165 οι
729 4110 854 4165 humanis
872 4113 954 4166 robus
971 4109 1121 4170 excederet.
